2978 4972
213 339 273 405 142
557 355 560 362 '
766 349 813 409 VI

211 511 388 595 confirmat,
411 535 509 598 quam
532 511 575 576 ad
596 513 680 577 diem
708 515 738 578 ei
768 512 798 578 le
823 513 902 595 ioni,
929 535 1012 599 quae
1034 515 1068 578 in
1093 511 1258 599 praesidio
1281 511 1374 579 relin-

180 594 378 683 5quebatur,
394 597 504 663 deberi
523 596 717 662 frumentum
736 535 866 663 sciebat
909 597 1092 662 Labienum
1109 596 1377 685 Treboniumque
1399 600 1460 658 10

210 681 366 764 hortatur,
390 684 417 747 si
439 681 637 769 reipublicae
660 683 829 749 commodo
852 682 961 748 facere
977 683 1110 770 possint,
1129 681 1172 748 ad
1193 705 1271 749 eum
1289 682 1381 748 diem

209 777 429 850 reuertuntur,
467 778 503 832 ut
543 790 653 832 rursus
693 769 928 833 communicato
968 767 1101 835 consilio
1133 767 1379 856 exploratisque

211 852 352 917 hostium
374 852 556 918 rationibus
579 851 669 917 aliud
689 854 817 917 initium
837 852 917 919 belli
935 874 1050 940 capere
1067 861 1208 939 possent

182 933 199 996 1
295 936 475 1002 XXXIIII.
509 937 598 1020 Erat,
629 948 665 1002 ut
696 961 796 1025 supra
825 937 1127 1020 demonstrauimus,
1148 960 1265 1003 manus
1288 947 1381 1003 certa

210 1020 308 1103 nulla,
331 1046 396 1088 non
418 1022 584 1109 oppidum,
605 1046 671 1088 non
688 1023 897 1109 praesidium,
916 1022 1003 1109 quod
1018 1045 1051 1088 se
1066 1022 1166 1088 armis
1182 1021 1380 1106 defenderet,

181 1102 268 1170 2sed
289 1108 322 1171 in
345 1110 448 1172 omnis
470 1111 573 1194 partis
597 1108 743 1195 dispersa
764 1107 944 1173 multitudo.
979 1107 1046 1173 Vbi
1064 1108 1181 1193 cuique
1199 1117 1257 1172 aut
1273 1107 1379 1174 ualles

213 1190 327 1257 abdita
349 1203 405 1258 aut
431 1192 521 1257 loeus
545 1192 701 1259 siluestris
725 1203 781 1258 aut
802 1193 896 1280 palus
926 1192 1072 1280 inpedita
1102 1215 1194 1279 spem
1219 1192 1378 1278 praesidii

182 1272 268 1342 3aut
289 1277 402 1343 salutis
425 1278 568 1364 aliquam
591 1277 758 1360 offerebat,
781 1277 976 1344 consederat
1019 1277 1112 1343 Haec
1132 1277 1205 1344 loca
1226 1277 1377 1344 uicinita-

211 1361 297 1426 tibus
321 1374 413 1428 erant
433 1372 524 1445 nota,
555 1386 773 1450 magnamque
804 1385 855 1428 res
878 1362 1079 1464 diligentiam
1100 1362 1291 1448 requirebat
1311 1386 1374 1430 non

210 1447 245 1510 in
267 1470 394 1513 summa
415 1449 575 1513 exercitus
598 1448 717 1514 tuenda
741 1447 877 1530 (nullum
898 1471 984 1514 enim
1005 1457 1133 1534 poterat
1153 1448 1316 1514 uniuersis
1338 1450 1373 1516 ul

209 1534 385 1680 perterritis
404 1556 442 1597 ac
464 1532 616 1619 dispersis
638 1533 817 1620 periculum
840 1533 1009 1615 accidere),
1031 1532 1087 1597 sed
1105 1533 1139 1596 in
1157 1531 1296 1618 singulis
1319 1535 1372 1598 mi·

225 1617 323 1681 'tibus
355 1617 600 1703 conseruandis3
648 1642 710 1684 uae
740 1628 849 1684 tamen
884 1641 926 1683 ex
956 1628 1048 1704 parte
1083 1641 1133 1683 res
1162 1617 1206 1682 ad
1238 1616 1373 1683 salutem

180 1695 372 1767 4exercitus
393 1703 584 1788 pertinebat.
615 1642 700 1768 liam
719 1712 750 1767 et
771 1703 911 1789 praedae
925 1702 1087 1789 cupiditas
1108 1702 1227 1767 multos
1245 1701 1302 1767 lon
1328 1704 1373 1768 'us
1382 1707 1413 1767 10
1447 1671 1481 1725 Δ

212 1786 379 1870 euocabat,
397 1797 429 1852 et
447 1788 548 1854 siluae
566 1791 696 1853 incertis
707 1787 907 1874 occultisque
922 1787 1091 1852 itineribus
1110 1787 1270 1852 confertos
1332 1789 1339 1803 ⁸
1359 1810 1374 1852 e

181 1866 436 1957 bprohibebant
469 1873 505 1939 Si
519 1876 685 1959 negotium
703 1873 818 1938 confici
834 1875 872 1938 st'
916 1895 1030 1959 emque
1053 1872 1220 1937 hominum
1240 1872 1373 1938 scelera-

210 1966 317 2021 torum
344 1958 480 2023 interfici
502 1957 612 2042 uellet,
634 1959 843 2024 dimittendae
865 1981 973 2044 pures
995 1981 1110 2022 manus
1134 1957 1375 2045 diducendique

182 2036 303 2108 (ierant
319 2043 450 2128 milites3
469 2044 497 2108 si
515 2047 677 2109 continere
695 2045 738 2109 ad
756 2046 783 2108 si
829 2067 849 2108 a
866 2042 1054 2129 manipulos¹
1064 2041 1168 2125 uellet,
1182 2051 1219 2107 ut
1228 2043 1403 2115 institutdf

209 2128 292 2192 ratio
323 2138 354 2193 et
376 2129 571 2194 consuetudo
605 2131 765 2195 exereitus
784 2066 935 2193 {omani
962 2127 1158 2215 postulabat,
1184 2126 1274 2192 locus
1307 2059 1423 2214 ipsd‘id

211 2221 280 2276 erat
297 2214 459 2299 praesidio
477 2213 637 2297 barbaris,
654 2237 759 2300 neque
776 2237 819 2279 ex
837 2213 963 2278 occulto
981 2212 1159 2278 insidiandi
1168 2222 1200 2277 et
1211 2212 1262 2277 dis
1282 2221 1374 2295 ,ersos

182 2292 482 2363 lcircumueniendi
500 2298 635 2384 singulis
654 2299 763 2364 deerat
789 2299 935 2364 audacia,
978 2299 1079 2363 Vtin
1105 2299 1174 2363 eius
1196 2320 1250 2363 mo
1277 2300 1285 2314 ⁶
1316 2297 1375 2362 dif-

210 2380 418 2483 ficultatibus,
437 2393 594 2468 quantum
613 2383 781 2469 diligentia
798 2383 963 2470 prouideri
980 2392 1114 2469 poterat,
1132 2382 1375 2469 prouidebatur,

209 2475 246 2530 ut
271 2468 379 2553 potius
406 2491 440 2531 m
469 2468 614 2533 nocendo
647 2468 771 2618 aliqpid
797 2470 1116 2555 praetermitteretur,
1145 2469 1205 2532 etsi
1231 2470 1376 2534 omnium

210 2553 310 2617 animi
328 2553 371 2617 ad
388 2553 608 2618 ulciscendum
627 2554 705 2618 arde
730 2563 801 2636 ant,
816 2578 913 2641 quam
931 2576 1004 2618 cum
1027 2553 1137 2639 aliquo
1155 2551 1298 2618 militum
1321 2552 1373 2618 de·
1384 2559 1420 2618 20

208 2758 410 2768 n————-

208 2892 232 2945 9.
242 2907 322 2960 quam
340 2891 374 2946 ad
386 2912 404 2944 a
416 2890 451 2946 ad
465 2908 543 2961 qnam
553 2900 571 2960 β
579 2891 665 2961 pisidio
675 2891 711 2946 A‘
729 2893 769 2947 10.
778 2891 869 2947 deberi
877 2892 1041 2947 frumentum
1055 2892 1246 2948 atramentum
1256 2889 1348 2946 deberi
1356 2895 1376 2963 β

208 2977 347 3046 treboniiq.
365 2978 400 3031 Α·
419 2978 461 3031 11.
469 2978 533 3047 reip.
555 2977 581 3031 Τ
593 2978 632 3031 rei
646 2980 686 3047 ᾧ·
705 2978 732 3033 U
761 2977 800 3033 rei
818 2985 842 3046 ‚p
861 2977 897 3046 (p.
916 2977 961 3041 Μ)
977 2985 1000 3030 i‘.
1017 2977 1053 3032 A‘
1069 2978 1107 3032 rei
1125 2974 1171 3034 ff
1189 2976 1225 3032 B¹
1244 2975 1374 3046 quomodo

207 3060 234 3115 A
268 3077 329 3115 eum
348 3080 366 3117 α
384 3077 442 3114 eam
459 3062 605 3132 Aeundsm
624 3062 698 3117 Paul
751 3063 791 3117 12.
813 3078 902 3116 russus
919 3062 945 3116 A
998 3063 1038 3118 13.
1060 3062 1168 3119 initium
1192 3061 1313 3132 (inicium
1329 3059 1373 3130 A')

208 3144 273 3199 belli
292 3165 311 3200 α
329 3144 394 3198 belli
412 3145 519 3199 initium
537 3150 558 3217 β
590 3148 697 3215 possent
717 3167 734 3199 α
751 3147 852 3217 possint
869 3152 896 3220 β.

275 3285 411 3337 ΧΧΧΙΙΠ.
439 3282 463 3335 2.
481 3229 545 3351 piis
569 3282 604 3337 M
627 3281 763 3353 praedium
789 3282 825 3338 B‘
850 3283 915 3352 pdiit
941 3283 997 3355 A'fl
1064 3282 1088 3338 3.
1110 3283 1139 3336 in
1165 3282 1251 3337 omnis
1273 3282 1372 3354 (omncs

116 3403 118 3409 ,
209 3365 352 3435 RBcorr.)
362 3367 447 3436 partis
465 3386 484 3422 α
501 3367 585 3422 omnis
598 3368 626 3422 in
635 3367 749 3439 partisfl
781 3367 828 3422 ubi
845 3368 939 3438 cuique
948 3372 969 3439 β
984 3367 1142 3437 ubicumque
1152 3366 1209 3438 (ubi
1226 3372 1290 3437 cirq:
1307 3367 1345 3437 B)
1355 3386 1372 3420 a

208 3518 260 3574 aud
279 3519 349 3590 ΒΨ.
392 3520 484 3575 tend
502 3519 571 3591 Bpr.
590 3522 662 3575 locus
680 3521 820 3577 siluestris.
838 3523 886 3576 aut
904 3473 966 3591 (aud
975 3520 1012 3590 Β)
1038 3521 1114 3589 palus
1130 3521 1205 3589 (paul
1222 3520 1258 3587 A)
1276 3539 1296 3577 α
1308 3520 1371 3574 locis

207 3605 352 3661 siluestrib.
369 3605 446 3674 palus
459 3609 480 3678 β
494 3604 623 3674 impedita
637 3605 665 3659 B
680 3604 828 3676 inpedinita
840 3605 867 3660 A
884 3605 1009 3675 praesidii
1021 3605 1111 3676 (psidii
1120 3605 1164 3676 A')
1183 3607 1232 3660 sut
1246 3606 1343 3661 salutis
1353 3625 1371 3661 α

211 3689 332 3759 psidiaue
348 3689 442 3745 salutis
457 3692 482 3742 T
512 3689 536 3744 7.
555 3689 588 3745 ab
603 3690 746 3747 coddtres
763 3691 912 3758 demorer,
927 3692 1018 3746 om.X
1050 3692 1092 3746 10.
1110 3691 1197 3762 pdeA
1232 3691 1369 3746 11.occul·

208 3776 295 3843 iisqne
316 3775 460 3830 itineribus
478 3794 496 3831 α
514 3775 708 3845 occultatisque
726 3777 754 3830 in
780 3775 901 3832 itinerib.
918 3781 939 3848 β
970 3776 1101 3831 confertos
1120 3778 1175 3848 Ass
1191 3778 1318 3832 confertis
1335 3775 1369 3830 B¹

207 3858 299 3913 sibim
326 3859 361 3914 A‘
413 3861 454 3914 12.
481 3860 614 3931 scelston'r
640 3861 667 3915 A
725 3861 765 3916 13.
795 3861 878 3916 uellet
910 3860 986 3917 codd.
1014 3860 1068 3916 duo
1095 3861 1237 3917 anana
1268 3863 1370 3918 uellent

210 3994 242 4048 X
274 3994 459 4075 dimittenda}
487 3996 514 4051 A
548 3957 755 4067 diducendique
772 3996 801 4052 B
844 3998 884 4053 14.
903 3998 1037 4052 continere
1055 4017 1074 4055 α
1092 3997 1255 4070 contineriss
1287 3997 1369 4052 uellet

207 4080 348 4151 puellari
365 4100 383 4137 α
418 4083 459 4136 15.
469 4082 526 4151 ipse
544 4084 603 4138 erat
622 4102 640 4138 α
658 4085 716 4137 erat
733 4082 826 4154 ipsess
858 4082 900 4136 16.
909 4080 995 4152 psidie
1012 4081 1046 4136 Α·
1082 4083 1122 4138 17.
1140 4080 1251 4137 audatia
1268 4081 1297 4137 B
1320 4081 1368 4137 dii·

208 4163 394 4219 fulcnltatibus
411 4166 438 4219 A
473 4167 514 4221 19.
523 4167 624 4236 prater
641 4165 825 4222 mitterizurB
835 4166 1081 4238 ptarmittertsurA
1091 4166 1260 4223 omitteretur
1276 4171 1297 4238 β
1328 4166 1368 4221 20.

207 4247 242 4302 ad
260 4247 437 4303 ulciscendum
456 4250 521 4304 A⁴T
534 4251 567 4306 ad
586 4251 751 4306 uliscendum
768 4251 797 4306 B
814 4251 1018 4307 adulescendum
1036 4250 1064 4306 R
1077 4249 1257 4320 adolescenti
1278 4249 1309 4306 U.
