2978 4972
178 231 240 296 150
725 237 788 297 VII

145 399 343 487 8peruenire
368 400 478 486 possit.
526 399 693 465 Postremo
720 403 754 466 in
781 401 851 466 acie
877 410 1042 487 praestare
1067 398 1218 481 interfici,
1242 405 1463 485 quami*

174 509 241 550 non
263 496 404 551 ueterem
431 483 508 548 belli
540 484 679 570 gloriam
706 485 966 571 libertatemque,
992 506 1089 570 quam
1117 507 1137 550 a
1162 482 1340 549 maioribus

176 593 251 635 acce
275 572 366 651 erint,
383 590 580 654 recuperare.

147 657 163 720 1
297 705 304 719 .
339 655 401 719 His
416 653 512 719 rebus
536 656 665 740 agitatis
683 654 873 740 profitentur
895 656 1052 722 Carnutes
1079 675 1113 718 se
1138 652 1266 718 nullum
1287 675 1340 740 pe-

177 739 316 805 riculum
338 740 517 805 communis
536 738 648 804 salutis
667 762 767 805 causa
785 763 943 824 recusare,
964 741 1192 827 principesque
1213 760 1257 803 ex
1275 760 1340 803 om·

146 824 275 890 2nibus
289 824 411 889 bellum
427 824 568 888 facturos
584 824 776 910 pollicentur
800 837 839 908 et,
858 827 1010 912 quoniam
1028 825 1063 888 in
1079 825 1264 910 praesentia
1285 821 1342 888 ob·

178 909 304 975 sidibus
331 931 446 974 cauere
472 911 555 973 inter
581 932 615 974 se
640 932 706 974 non
729 913 862 996 possint,
884 934 924 975 ne
951 933 1001 974 res
1030 909 1195 991 efferatru,
1208 918 1256 973 vut
1272 909 1342 973 iure

177 995 314 1060 iurando
338 1017 376 1060 ac
402 993 467 1057 fide
496 994 667 1076 sanciatur,
697 1006 818 1080 petunt,
849 995 984 1060 conlatis
1010 993 1204 1059 militaribus
1232 994 1341 1142 sbffnis,
1394 1001 1419 1058 5

179 1102 242 1166 quo
267 1102 356 1144 more
383 1102 494 1143 eorum
525 1081 722 1164 grauissima
748 1083 944 1146 caerimonia
976 1081 1163 1160 continetur,
1191 1101 1233 1143 ne
1270 1087 1341 1143 acto

146 1164 271 1230 3initio
290 1164 368 1229 belli
384 1162 426 1228 ab
444 1163 576 1248 reliquis
596 1164 791 1229 deserantur.
813 1165 899 1231 Tum
918 1163 1120 1231 conlaudatis
1135 1162 1342 1245 Carnutibus,

178 1249 254 1314 dato
276 1252 346 1313 iure
371 1248 508 1313 iurando
537 1249 579 1313 ab
603 1249 766 1332 omnibus,
789 1253 845 1336 qui
868 1250 1010 1332 aderant,
1032 1259 1177 1335 tempore
1206 1250 1275 1314 eius
1294 1249 1341 1314 rei

178 1336 351 1399 constituto
371 1333 412 1398 ab
436 1331 572 1398 concilio
593 1333 774 1399 disceditur.

149 1422 166 1484 1
261 1419 322 1483 ΠΙ.
357 1418 424 1483 Vbi
446 1440 485 1482 ea
508 1417 575 1482 dies
597 1420 693 1501 uenit,
717 1419 872 1484 Carnutes
890 1420 1052 1487 Gatruato
1071 1427 1102 1482 et
1123 1416 1341 1484 Conconneto-

178 1503 298 1568 dumno
325 1502 475 1584 ducibus,
504 1503 682 1568 deseratis
710 1504 911 1588 hominibus,
942 1503 1108 1573 Cenabum
1144 1504 1171 1567 si
1219 1525 1238 1567 o
1266 1502 1340 1569 dato

65 1661 68 1668 ¹
178 1598 370 1653 conciurunt
392 1589 543 1672 ciuesque
560 1526 734 1670 Romanos,
752 1590 808 1690 qui
829 1613 869 1655 ne
895 1589 1020 1654 otiandi
1042 1610 1140 1654 causa
1160 1588 1173 1650 i
1197 1589 1209 1650 i
1227 1588 1341 1653 consti-

179 1683 294 1756 terant,
315 1674 349 1737 in
371 1673 421 1737 his
440 1671 561 1738 Caium
578 1673 709 1738 Fufium
732 1674 848 1757 Crtam,
871 1612 1044 1739 bonestum
1067 1675 1206 1759 equitem
1223 1673 1341 1738 Roma-

178 1782 266 1840 num,
293 1759 348 1843 qui
369 1759 416 1822 rei
442 1758 671 1824 frumentariae
688 1761 778 1824 iussu
801 1759 948 1825 Caesaris
970 1767 1126 1846 praeerat,
1148 1757 1342 1822 interficiunt
1367 1758 1381 1818 5

147 1844 330 1929 2bonaque
348 1865 458 1908 comm
478 1843 643 1929 diripiunt.
686 1843 840 1910 Celeriter
858 1845 900 1909 ad
924 1867 1033 1910 omnes
1051 1842 1180 1909 Galbae
1195 1843 1342 1908 ciuitates

176 1928 266 1993 fama
287 1928 454 2014 perfertur.
497 1929 582 1992 Nam
609 1929 667 1993 ubi
686 1951 769 2015 quoe
793 1932 896 1994 maior
918 1939 1015 2015 atque
1036 1928 1201 1992 inlustrior
1230 1927 1344 1993 incidit

179 2035 238 2097 res,
253 2013 394 2078 clamore
411 2036 469 2100 per
494 2035 589 2098 agros
612 2016 825 2100 regionesque
847 2014 1042 2100 significant,
1069 2013 1154 2078 hunc
1176 2013 1233 2077 alii
1256 2012 1342 2078 dein-

146 2099 253 2184 3ceps
271 2099 439 2184 excipiunt
456 2107 488 2161 et
509 2101 677 2183 proxumis
696 2100 836 2181 tradunt,
854 2110 890 2164 ut
907 2111 975 2164 tum
994 2098 1119 2164 accidit.
1155 2098 1241 2163 Nam
1260 2119 1343 2184 quae

178 2182 301 2251 Cenabi
320 2185 441 2248 oriente
460 2181 527 2247 sole
549 2194 641 2268 gesta
665 2194 777 2266 assent,
804 2194 878 2249 ante
896 2186 1035 2271 primam
1057 2182 1236 2248 confectam
1260 2183 1386 2268 u1g110

177 2268 257 2332 liam
274 2270 308 2331 in
329 2266 449 2331 finibus
472 2267 694 2333 Aruernorum
713 2270 825 2334 audita
843 2280 924 2352 sunt,
952 2270 1040 2356 quod
1059 2269 1200 2354 spatium
1218 2278 1266 2333 est
1284 2270 1342 2332 mi·

178 2352 258 2416 lium
302 2375 433 2417 ossuum
451 2353 578 2417 circiter
601 2363 729 2419 centum
746 2355 816 2419 LX.

147 2443 164 2505 1
314 2438 340 2502 Ι.
370 2435 476 2502 Simili
493 2439 617 2503 ratione
635 2438 682 2503 ibi
699 2439 955 2525 Vercingetorix,
974 2439 1093 2505 Celtilli
1110 2438 1205 2520 filius,
1222 2437 1342 2503 Aruer-

176 2545 250 2605 nus,
277 2544 422 2587 summae
456 2525 619 2671 pJotentiae
653 2523 854 2607 adulescens,
881 2526 971 2589 cuius
1002 2535 1095 2611 pater
1124 2523 1342 2610 principatum

177 2607 307 2674 Calliae
328 2609 464 2672 totiuso
490 2609 631 2673 tinuerat
654 2620 685 2674 et
702 2609 744 2674 ob
764 2633 835 2674 eam
858 2632 998 2692 causam,
1022 2609 1109 2695 quod
1127 2630 1264 2694 regnum
1287 2631 1342 2695 ap-

173 2828 217 2883 20.
226 2828 311 2895 possit
328 2831 349 2897 β
364 2829 453 2896 posset
464 2847 482 2884 α
516 2829 557 2882 22.
572 2829 751 2901 acceperintfl
766 2832 922 2898 acceperant
940 2850 958 2885 α
993 2830 1137 2898 reciperare
1145 2830 1189 2883 A‘.

242 2963 312 3017 [Li
338 2923 398 3016 clun
416 2962 503 3016 munis
520 2962 549 3016 B
582 2965 606 3020 3.
624 2965 730 3033 psentia
748 2965 803 3019 AB
836 2965 860 3019 4.
879 2966 982 3034 possint
999 2970 1019 3037 β
1034 2967 1170 3034 possento
1196 2967 1228 3018 ut
1253 2966 1340 3020 Tcorr.

173 3049 221 3102 aut
238 3064 257 3100 a
274 3048 303 3100 at
320 3050 341 3116 β
363 3049 387 3102 o.
407 3048 540 3102 sentiatur
557 3049 584 3102 A
607 3050 630 3104 6.
641 3066 691 3119 quo
708 3050 811 3120 Aquod
830 3070 849 3105 α
865 3051 1024 3119 grauissima
1042 3048 1198 3105 caerimonia
1215 3049 1280 3119 (cerr
1299 3049 1342 3119 M)

174 3152 192 3188 α
210 3130 369 3202 grauissimq
400 3132 578 3204 cerimoniqss
626 3135 780 3189 continetur
797 3154 816 3190 α
837 3134 1044 3206 11111111111β
1094 3134 1264 3189 1111111111Ι
1316 3136 1341 3190 9.

174 3243 326 3338 constitutlr
343 3284 370 3338 A
406 3284 516 3339 concilio
534 3305 553 3341 α
569 3285 678 3340 consilio
696 3290 716 3357 β

241 3374 289 3424 ΠΙ.
312 3370 335 3423 1.
354 3368 498 3437 Gutruato]
517 3374 551 3438 cf.
569 3375 641 3426 VIII.
659 3371 702 3440 38,
721 3371 737 3425 3
764 3374 871 3426 cotuato
888 3371 920 3425 X
953 3371 1210 3426 conconnctodumno
1228 3371 1265 3425 B'
1281 3372 1339 3441 (con

258 3465 271 3496 0

172 3505 260 3575 mulas!
283 3504 380 3560 dumno
405 3505 440 3560 A‘
467 3507 559 3561 coneto
585 3506 693 3578 dunofl
742 3508 766 3561 2.
784 3507 908 3576 genabim
936 3507 1067 3577 (genebim
1086 3506 1159 3578 loa
1188 3507 1341 3581 genebinp

171 3590 196 3646 3.
215 3589 373 3659 negociandi
390 3590 418 3644 B
459 3591 484 3645 4.
502 3590 544 3645 his
564 3611 582 3646 α
599 3592 670 3663 ἰίεβ
710 3593 800 3660 gaium
820 3591 893 3647 11).
912 3592 941 3656 Y,
959 3608 1009 3646 om.
1032 3591 1059 3646 U
1106 3593 1130 3648 5.
1149 3592 1338 3648 frumentariae

172 3674 354 3744 (bumentsuie
371 3675 444 3746 Aba
461 3675 634 3747 frumentaria
654 3692 733 3731 causa
750 3681 771 3747 β
786 3677 882 3731 cesaris
901 3677 936 3731 A‘
969 3677 1106 3746 peratA
1163 3678 1186 3731 7.
1206 3677 1254 3731 ubi
1271 3694 1338 3748 qnae

173 3757 319 3814 Salamiua
370 3760 468 3829 ubique
487 3759 537 3815 αῖ]
559 3759 644 3814 ubil
698 3761 722 3816 8.
741 3761 810 3816 hunc
828 3761 903 3816 codd.
922 3767 1050 3830 quattuor
1066 3761 1208 3816 deusne
1226 3762 1302 3816 Hauc
1321 3782 1338 3814 α

172 3843 280 3914 Ηίηοβ
313 3845 339 3900 9.
356 3861 382 3914 q.
400 3845 428 3898 A
462 3846 502 3899 10.
522 3845 619 3914 genabi
638 3844 670 3898 X
703 3849 790 3900 essent
807 3847 834 3900 A
878 3848 918 3901 li.
935 3842 1083 3901 aruennorri
1099 3848 1127 3901 A
1160 3848 1279 3917 spacium
1296 3846 1337 3901 A.

240 3932 302 3983 1111.
330 3931 354 3983 1.
372 3927 424 3999 ibi]
442 3929 489 3983 ubi
512 3930 539 3983 A
573 3929 767 3998 uercingetorir
785 3950 804 3986 α
821 3931 1019 3999 uergingetorir
1041 3932 1068 3987 U
1081 3948 1127 3986 uer
1144 3931 1339 4000 cingetorixi‘

171 4064 205 4203 {a
215 4023 371 4203 {dqeqcsps
388 4065 423 4119 A*
466 4065 492 4119 3.
510 4026 684 4134 o(l)tinuerat
701 4066 727 4120 A
770 4051 1336 4139 111111111111111111111111111

206 4164 298 4218 psa
359 4191 364 4202 .
