2978 4972
183 395 243 461 168
733 403 797 464 VII

182 577 287 632 castra
304 577 504 716 penitentum,
526 568 630 633 isdem
652 567 794 650 sublicis,
821 591 958 669 quarum
976 589 1051 653 pars
1073 567 1205 632 inferior
1222 569 1348 654 integra

180 674 312 717 remane
337 664 387 733 at,
421 663 553 739 pontem
589 652 720 718 reficere
752 664 864 739 coepit.
917 652 1071 718 Celeriter
1100 652 1215 717 effecto
1252 648 1373 739 opere6

132 735 429 823 ltlegionibusque
446 737 601 803 traductis
627 748 659 802 et
680 737 752 804 loco
780 739 895 803 castris
921 737 1036 803 idoneo
1056 736 1179 802 delecto
1206 736 1346 824 reliquas

181 844 218 888 co
244 823 292 885 ias
323 824 496 887 reuocauit.
538 823 788 908 Vercingetorix
813 845 849 887 re
877 823 1017 908 cognita,
1042 843 1083 885 ne
1113 831 1227 887 contra
1254 819 1371 888 suaml

180 845 380 971 uoluntatem
403 906 557 972 dimicare
575 918 753 993 cogeretur,
770 909 897 994 magnis
914 904 1081 972 itineribus
1100 909 1279 972 antecessit

264 991 422 1056 XXXVI.
458 992 580 1057 Caesar
605 1015 647 1057 ex
677 1016 715 1058 eo
746 992 817 1057 loco
870 993 967 1057 uintis
998 993 1113 1056 castris
1145 989 1370 1078 Gergouiaml

180 1078 326 1162 peruenit
352 1079 554 1164 equestrique
572 1100 609 1142 eo
630 1077 682 1142 die
704 1076 827 1164 proelio
849 1015 918 1141 leui
940 1077 1042 1158 facto,
1068 1087 1237 1178 perspecto
1256 1077 1345 1143 urbis

179 1162 251 1242 situ,
274 1184 357 1248 quae
379 1164 485 1248 posita
511 1165 545 1226 in
567 1162 722 1228 altissimo
744 1171 853 1227 monte
875 1164 978 1226 omnis
997 1161 1103 1226 aditus
1122 1161 1272 1227 drfficiles
1290 1163 1344 1227 ha·

179 1245 289 1327 habat,
316 1247 356 1310 de
383 1248 623 1333 expugnatione
651 1247 846 1334 desperauit,
878 1247 918 1311 de
952 1245 1138 1312 obsessione
1162 1270 1229 1312 non
1280 1250 1343 1312 rius

150 1330 341 1416 tegendum
359 1333 530 1414 constituit,
549 1355 646 1418 quam
660 1354 728 1396 rem
746 1331 987 1397 frumentariam
1001 1331 1193 1417 expedisset
1210 1330 1258 1397 At
1299 1337 1370 1400 erl

178 1416 359 1501 cingetorix
378 1418 492 1481 castris
510 1440 611 1516 prope
630 1416 786 1565 oppidum
803 1419 916 1503 positis
934 1415 1151 1481 mediocribus
1170 1418 1293 1482 circum
1311 1438 1344 1482 se

177 1499 354 1565 interuallis
365 1503 539 1587 separatim
557 1525 653 1587 s1ngu
666 1524 758 1566 arum
777 1503 956 1567 ciuitatium
977 1502 1089 1588 copias
1106 1501 1342 1583 conlocauerat,

179 1595 274 1672 atque
298 1585 446 1650 omnibus
466 1588 533 1650 eius
551 1588 621 1672 iugi
639 1586 775 1651 collibus
791 1589 965 1673 occupatis,
984 1609 1049 1671 qua
1073 1585 1190 1672 dispici
1207 1596 1342 1688 poterat,

178 1669 364 1734 horribilem
392 1674 531 1756 speciem
560 1670 739 1757 praebebat
764 1673 866 1756 princi
892 1693 990 1758 esque
1016 1693 1127 1736 earum
1153 1674 1342 1750 ciuitatium,

128 1765 167 1822 10
179 1777 260 1840 quos
279 1753 342 1819 sibi
360 1754 402 1819 ad
420 1755 590 1820 consilium
607 1755 801 1842 capiendum
821 1695 992 1842 deldgerat,
1009 1758 1114 1841 prima
1131 1755 1203 1821 luce
1225 1757 1368 1826 cotidie3

178 1839 221 1903 ad
243 1862 277 1904 se
299 1843 468 1905 conuenire
494 1840 637 1924 iubebat,
660 1864 717 1905 seu
744 1840 822 1928 quid
843 1840 1158 1921 communicandum,
1183 1853 1240 1906 seu
1286 1841 1341 1905 uid

177 1924 467 1989 administrandum
484 1925 656 2008 uideretur,
672 1947 777 2012 neque
794 1925 897 1990 ullum
915 1926 982 1990 fere
999 1925 1084 1990 diem
1102 1864 1380 2008 intermittdbatl=

177 2012 253 2095 quin
272 2012 409 2096 equestri
428 2010 549 2096 proelio
568 2012 739 2075 interiectis
758 2013 943 2096 sagittariis,
966 2009 1045 2097 quid
1062 2013 1096 2074 in
1115 2033 1245 2096 quoque
1260 2022 1341 2076 esset

176 2097 276 2159 animi
294 2119 332 2159 ac
349 2097 476 2160 uirtutis
495 2118 635 2177 suorum,
657 2098 898 2182 perspiceretur.
941 2096 1022 2160 Erat
1044 2118 1062 2159 e
1079 2098 1210 2182 regione
1229 2097 1380 2183 oppidiin

126 2187 164 2244 15
175 2179 266 2244 collis
277 2178 336 2244 sub
355 2181 434 2266 ipsis
451 2179 616 2245 radicibus
635 2183 752 2246 montis
771 2183 900 2267 egregie
917 2183 1058 2245 munitus
1078 2189 1176 2265 atque
1193 2204 1236 2246 ex
1254 2183 1340 2247 omni

175 2273 267 2350 parte
294 2266 512 2349 circumcisum
565 2289 639 2330 uem
666 2268 694 2329 si
719 2275 862 2330 tenerent
888 2268 1001 2347 nostri,
1030 2275 1061 2330 et
1088 2287 1193 2352 aquae
1218 2290 1274 2331 ma
1320 2289 1339 2330 a

175 2359 267 2433 parte
285 2359 317 2413 et
338 2349 546 2435 pabulatione
579 2350 667 2415 'bera
691 2350 883 2436 prohibituri
901 2350 1009 2416 hostes
1026 2349 1230 2415 uidebantur.
1300 2351 1380 2418 edi}

174 2433 470 2520 islocuspraesidio
481 2434 590 2516 abhis,
602 2458 666 2500 non
674 2437 769 2499 nimis
780 2435 873 2501 finno
886 2445 1003 2519 tamen,
1013 2435 1189 2500 tenebatur.
1214 2436 1339 2500 Tamen
1348 2439 1380 2502 'fl'

176 2516 300 2583 silentio
324 2521 427 2584 noctis
454 2519 574 2584 Caesar
601 2543 643 2584 ex
665 2522 778 2585 castris
804 2543 965 2607 egressus,
983 2522 1175 2606 priusquam
1192 2520 1337 2585 subsidio

124 2611 164 2668 20
174 2626 215 2667 ex
242 2604 363 2690 oppido
387 2606 490 2669 ueniri
516 2615 637 2690 posset,
666 2606 786 2670 deiecto
814 2605 973 2690 praesidio
996 2607 1118 2691 potitus
1144 2604 1232 2688 loco,
1258 2606 1337 2670 duas

173 2687 219 2753 ibi
241 2688 383 2774 legiones
406 2689 588 2754 conlocauit
609 2690 794 2776 fossamque
823 2690 982 2776 duplicem
1011 2690 1195 2755 duodenum
1218 2691 1337 2776 pedum

174 2797 193 2836 a
211 2772 389 2839 maioribus
414 2776 526 2839 castris
550 2776 592 2839 ad
618 2776 744 2841 minora
767 2774 932 2861 perduxit,
961 2785 997 2838 ut
1021 2785 1090 2839 tuto
1109 2774 1151 2838 ab
1170 2778 1336 2861 repentino

173 2858 314 2923 hostium
337 2861 467 2924 incursu
490 2861 588 2924 etiam
611 2859 731 2946 singuli
754 2882 934 2925 commeare
952 2869 1090 2945 possent.

257 2943 434 3008 XXXVII.
466 2945 555 3008 Dum
574 2944 655 3009 haec
679 2945 722 3010 ad
740 2944 940 3030 Gergouiam
959 2955 1122 3030 geruntur,
1141 2944 1336 3010 Conuictoli-
1347 2947 1380 3009 Ι

173 3030 257 3092 tauis
278 3028 424 3110 Aeduus,
443 3031 495 3093 cui
513 3031 740 3115 magistratum
759 3029 979 3095 adiudicatum
1007 3053 1026 3093 a
1049 3029 1189 3094 Caesare
1208 3030 1336 3096 demon-

172 3113 363 3189 strauimus,
394 3112 583 3179 sollicitatus
613 3113 655 3178 ab
688 3115 842 3178 Aruernis
874 3117 1009 3201 pecunia
1036 3136 1110 3178 cum
1142 3113 1335 3200 quibusdam

172 3300 302 3354 libiadem
310 3299 363 3370 Μβ
370 3298 472 3353 hisdem
478 3300 540 3354 AB‘
558 3301 598 3355 14.
608 3301 713 3368 cepitB
729 3302 771 3355 15.
783 3301 945 3373 traductus,
956 3317 1030 3357 omn
1049 3302 1088 3356 16.
1100 3301 1296 3368 nergingdsorix
1302 3301 1335 3356 B.

238 3388 359 3440 XXXVl.
394 3384 419 3439 2.
435 3386 489 3454 plio
506 3385 535 3439 B
567 3386 593 3440 3.
611 3386 696 3440 omnis
717 3385 775 3441 BT
789 3386 844 3441 onis
860 3386 896 3439 A‘
929 3387 953 3440 4.
976 3386 1008 3441 de
1026 3386 1223 3455 oppugnatione
1245 3386 1336 3456 despe-

170 3469 250 3524 ranit.
268 3469 308 3523 De
318 3468 498 3542 obsessioness
513 3469 544 3525 de
554 3471 748 3538 expugnatione
759 3470 998 3540 (expugnalioi
1016 3471 1145 3539 opositis
1162 3490 1182 3526 α
1198 3469 1228 3524 in
1246 3474 1335 3526 monte

169 3555 300 3626 positisss
350 3556 373 3608 7.
392 3553 544 3608 ciuitatium
562 3554 598 3609 B‘
616 3555 759 3609 ciuitatum
777 3555 833 3626 A‘ss
864 3556 890 3608 8.
908 3554 1003 3624 dispici
1021 3554 1096 3610 Paul
1129 3554 1232 3623 despici
1245 3555 1278 3610 X
1310 3557 1334 3610 a

168 3637 296 3706 prebebat
314 3638 378 3692 A¹B
391 3639 540 3693 ciuitatium
559 3639 755 3708 (ciuitaaMta
773 3640 888 3694 ciuitatis
904 3645 925 3712 β
957 3641 998 3696 10.
1016 3640 1156 3695 consilium
1175 3640 1334 3706 capiendum

170 3742 188 3778 α
205 3722 362 3792 capiendum
381 3723 518 3777 eonsilium
533 3728 553 3795 β
569 3723 668 3778 cotidie
685 3743 712 3787 α,
730 3739 780 3777 om.
799 3744 817 3780 α
869 3725 910 3780 11.
929 3725 1068 3779 conuenire
1094 3722 1205 3778 iubebat
1225 3744 1244 3780 α
1261 3725 1334 3780 iube·

169 3807 216 3862 bat
233 3806 353 3877 (uidebat
372 3806 416 3876 Τί)
438 3809 618 3879 οοηιιοιιίποβ
669 3809 728 3878 quit
745 3809 774 3862 B
791 3809 850 3877 quit
867 3808 896 3862 B
929 3809 970 3879 13.
996 3808 1133 3864 inteiectis
1150 3808 1177 3862 A
1212 3810 1256 3864 14.
1277 3826 1333 3880 per·

170 3891 315 3959 spiceretur
333 3912 351 3947 α
368 3892 604 3964 periclitaretnrfl
642 3893 683 3947 16.
707 3895 815 3962 magne
831 3893 860 3947 B
894 3894 934 3948 18.
951 3894 1036 3964 psidie
1055 3894 1118 3948 A‘B
1151 3894 1194 3949 his
1210 3895 1259 3949 αΤ
1270 3893 1338 3948 iiU

427 3976 449 4016 n·
473 3977 479 3988 .

170 4042 220 4080 non
239 4027 317 4081 nimis
336 4027 371 4081 A‘
391 4029 409 4084 ri
425 3989 493 4094 nili}
510 4028 539 4081 B
572 4030 671 4097 tamen,
690 4028 832 4084 tenebatur
854 4029 1000 4084 Selmeider
1021 4029 1164 4084 tenebatur
1182 4030 1333 4096 (tenebant¹

174 4112 226 4175 T1).
244 4110 341 4165 Tamen
364 4111 439 4165 codd.
473 4112 515 4168 20.
534 4112 619 4166 ueniri
635 4116 725 4181 posset
743 4114 863 4169 euenire
881 4118 988 4182 possent
1004 4119 1024 4186 β
1056 4114 1159 4170 deiecto
1167 4115 1221 4186 Μβ
1237 4115 1332 4170 deiecti

170 4194 197 4247 A
215 4194 333 4249 deiectus
343 4197 379 4250 B‘
397 4196 511 4264 presidio
531 4197 595 4251 A‘B
628 4199 669 4252 21.
680 4198 829 4253 conlocauit
838 4198 909 4252 A‘B.

241 4283 375 4334 XXXVII.
394 4281 418 4333 2.
428 4280 546 4335 haednus
556 4281 620 4337 A¹B
636 4282 817 4336 adiudicatum
836 4299 852 4335 a
869 4299 971 4338 caesare
981 4303 999 4339 α
1016 4299 1131 4356 acqsare
1148 4285 1294 4356 adsignata
1304 4293 1329 4360 β,
