2978 4972
173 357 235 421 206
365 425 369 433 ,
714 360 795 421 VIII

171 527 398 592 frumentariae
429 549 527 592 causa
558 530 721 613 superiore
751 527 980 593 commentario
1004 525 1261 590 demonstratum
1282 534 1334 589 est

171 612 223 711 Ita
249 635 323 677 cum
350 611 476 677 duabus
502 611 684 697 legionibus
710 611 753 676 ad
783 610 1019 698 persequendos
1051 609 1210 674 Carnutes
1240 607 1335 694 proli-

171 698 309 762 crsoitur.

143 781 157 843 1
255 782 295 846 V.
330 780 412 846 Cum
434 781 522 846 fama
540 782 699 846 exereitus
720 780 763 846 ad
776 781 884 846 hostes
902 788 985 847 esset
1025 778 1135 860 erlata,
1152 777 1336 844 calamitate

171 876 349 931 ceterorum
368 866 456 930 ducti
478 865 634 930 Carnutes
657 866 788 931 desertis
817 866 897 931 uicis
919 865 997 964 oppi
1023 865 1030 880 '
1049 885 1120 950 que,
1152 885 1237 949 quae
1259 863 1334 929 tole·

170 951 292 1015 randae
313 951 426 1015 hiemis
445 973 544 1015 causa
562 953 739 1017 constitutis
760 973 795 1014 re
819 960 890 1015 ente
906 950 1031 1034 exiguis
1049 947 1092 1013 ad
1113 949 1335 1013 necessitatem

172 1036 325 1100 aedificiis
348 1034 531 1100 incolebant
555 1039 669 1136 (nuper
686 1037 771 1101 enim
794 974 911 1100 deuicti
925 1032 1081 1119 conplura
1097 1032 1222 1119 oppida
1245 1033 1334 1099 dimi·

141 1118 299 1202 2serant),
327 1120 463 1206 dispersi
493 1120 690 1207 profugiunt.
743 1119 863 1186 Caesar
889 1129 1091 1205 erumpentes
1122 1140 1159 1183 eo
1192 1120 1335 1183 maxime
1362 1125 1379 1183 5

170 1215 315 1305 tempore
346 1228 528 1270 acerrumas
550 1215 755 1356 tempestates
788 1227 861 1270 cum
885 1204 993 1271 subire
1014 1203 1132 1270 milites
1162 1201 1273 1285 nollet,
1302 1204 1335 1268 in

170 1312 189 1354 o
237 1291 291 1356 1do
316 1289 493 1355 Carnutum
520 1290 610 1356 Cena
634 1315 652 1356 o
679 1301 784 1357 castra
810 1290 902 1376 ponit
928 1299 1024 1375 atque
1045 1290 1079 1352 in
1103 1296 1190 1353 tecta
1215 1290 1335 1374 partim

170 1313 348 1458 (fullerum,
360 1377 480 1462 partim
498 1397 581 1461 quae
589 1377 740 1442 conlectis
749 1374 895 1440 celeriter
913 1375 1093 1439 stramentis
1114 1373 1335 1457 [tentoriorum

139 1456 413 1545 dintegendorum
433 1460 551 1559 gratia]
567 1459 878 1541 erantinaedificata,
893 1458 1009 1524 milites
1027 1459 1183 1542 conpepit
1199 1457 1334 1544 Equites

169 1554 277 1609 tamen
299 1555 331 1609 et
349 1544 536 1610 auxiharios
563 1546 687 1631 pedites
714 1547 747 1609 in
769 1567 879 1611 omnes
897 1555 1005 1630 partes
1028 1545 1135 1624 mittit,
1163 1565 1333 1691 guascum-
1345 1552 1377 1608 10

171 1651 232 1714 que
263 1631 380 1714 petisse
411 1629 602 1695 dicebantur
631 1631 755 1714 hostes3
784 1652 844 1695 nec
875 1629 1009 1693 flustra:
1039 1651 1115 1693 nam
1143 1649 1334 1715 perumque

139 1709 291 1799 4magna
307 1714 438 1863 ffieda
469 1717 564 1800 potiti
596 1717 698 1780 nostri
727 1725 936 1780 reuertuntur.
987 1714 1144 1799 Oppressi
1175 1711 1333 1778 Carnutes

171 1797 284 1881 hiemis
331 1801 337 1815 '
378 1799 506 1882 cultata,
528 1810 647 1866 terrore
669 1799 811 1886 periculI,
829 1822 902 1863 cum
917 1800 1008 1863 tectis
1026 1797 1153 1946 expulsi
1161 1797 1253 1864 nullo
1263 1798 1332 1864 loco

171 1883 289 1948 diutius
319 1886 492 1950 consistere
515 1885 669 1950 auderent
689 1908 749 1950 nec
772 1885 927 1948 siluarum
955 1885 1062 1969 praesi
1085 1884 1116 1949 io
1135 1885 1332 1969 tempestati-

168 1967 231 2032 bus
243 1969 422 2034 durissimis
440 1971 507 2055 tegi
521 1982 661 2055 possent,
680 1970 815 2056 dispersi
833 1992 952 2054 magna
970 1979 1061 2054 parte
1072 1968 1332 2033 amissasuorum
1343 1973 1374 2032 15

169 2053 247 2118 dissi
272 2065 366 2119 antur
387 2057 418 2119 in
442 2056 595 2120 finitimas
614 2056 768 2120 ciuitates.

141 2135 156 2196 1
284 2139 309 2202 Ι.
342 2139 462 2205 Caesar
488 2150 552 2204 tem
577 2163 631 2206 ore
662 2141 738 2205 anni
764 2138 968 2219 difficillimo,
990 2162 1064 2202 oum
1094 2139 1172 2202 satis
1198 2136 1331 2202 haberet

169 2225 392 2288 conuenientes
414 2248 528 2289 manus
576 2226 722 2312 'ssipare,
743 2247 784 2289 ne
807 2223 872 2289 uod
893 2225 1018 2288 initium
1041 2222 1118 2287 belli
1139 2232 1329 2303 nasceretur,

169 2317 388 2393 quantumque
413 2311 447 2373 in
468 2311 593 2375 ratione
619 2321 709 2391 esset,
736 2247 941 2395 exploratum
964 2307 1098 2372 haberet
1120 2306 1180 2372 sub
1203 2318 1270 2373 tem
1293 2330 1328 2370 us

169 2393 363 2457 aestiuorum
379 2393 504 2458 nullum
523 2418 684 2459 summum
701 2393 822 2459 bellum
840 2416 935 2480 posse
953 2392 1095 2473 conflari,
1113 2391 1236 2457 Gaium
1254 2331 1327 2456 'Cre

167 2475 301 2541 bonium
316 2501 388 2542 cum
407 2479 532 2544 duabus
554 2479 743 2565 legionibus,
767 2502 847 2565 quas
866 2501 975 2543 secum
995 2477 1147 2558 habebat,
1170 2480 1204 2541 in
1226 2476 1326 2542 hiber·
1353 2480 1366 2538 5

138 2556 216 2625 2nis
240 2561 362 2627 Cenabi
385 2564 577 2648 conlocauit3
599 2567 668 2650 ipse
687 2587 761 2629 cum
779 2563 898 2629 crebris
921 2561 1136 2649 legationibus
1154 2563 1326 2628 Remorum

167 2648 283 2712 certior
313 2647 403 2714 ficret
429 2648 638 2733 Bellouacos,
670 2650 725 2734 qui
746 2647 824 2713 belli
847 2648 950 2733 gloria
977 2646 1091 2712 Gallos
1123 2671 1235 2712 omnes
1256 2644 1325 2711 Bel·

166 2753 290 2878 gasque
307 2734 525 2819 praestabant,
546 2734 763 2821 finitimasque
785 2735 834 2798 his
853 2735 998 2798 ciuitates
1017 2733 1098 2796 duce
1116 2729 1239 2797 Correo
1256 2729 1325 2795 Bel-

179 2839 279 2882 ouaco
303 2829 334 2882 et
356 2818 502 2884 Commio
520 2818 677 2885 Atrebate
695 2821 852 2884 exercitus
870 2841 931 2884 con
956 2840 1048 2882 arare
1066 2827 1162 2903 atque
1179 2819 1214 2881 in
1229 2838 1325 2881 unum

166 2899 272 2965 locum
305 2926 429 2989 cogere,
451 2914 487 2969 ut
517 2907 604 2970 omni
634 2903 836 2969 multitudine
866 2905 900 2966 in
971 2926 1004 2968 es
1031 2902 1252 2983 Suessionum,
1274 2900 1369 2986 quilii

165 2984 275 3051 Remis
297 2999 388 3053 erant
415 2989 572 3071 attributi,
598 2990 741 3054 facerent
767 2989 1011 3075 inpressionem,
1041 2989 1200 3074 pertinere
1223 2995 1326 3051 autem

233 3187 266 3240 V.
293 3188 317 3241 2.
336 3191 453 3244 cetorum
470 3191 508 3245 B¹
543 3192 680 3247 toleranda
696 3193 723 3246 A
756 3193 781 3246 3.
800 3191 954 3246 constitutis
972 3191 1079 3260 repente
1099 3187 1202 3258 exiguis
1232 3188 1265 3241 sd
1282 3203 1325 3241 ne·

165 3271 320 3326 cessitatem
343 3273 471 3329 aedificiis
490 3295 508 3326 a
531 3277 565 3330 ad
583 3277 766 3332 necessitatem
794 3278 903 3344 repente
930 3275 1024 3344 exigua
1041 3274 1240 3328 constituerant
1257 3271 1325 3326 aedi-

1206 3371 1215 3399 t

167 3407 264 3479 ficiat]
329 3409 354 3464 4.
370 3409 525 3466 dimiserant
545 3432 562 3463 α
590 3413 771 3481 amiserantp
838 3411 864 3466 6.
880 3426 1041 3466 aocermmas
1058 3409 1086 3464 Β
1106 3371 1278 3477 socedulmas
1295 3405 1331 3460 M

164 3506 346 3547 aocerrumnas
363 3493 390 3547 Α
442 3499 464 3550 7.
484 3496 583 3550 cenabo
601 3517 618 3549 α
637 3498 736 3568 conabo
756 3498 781 3551 Τ
794 3497 896 3566 genabo
919 3497 946 3551 U
981 3496 1045 3566 adq3
1063 3495 1092 3549 Β
1126 3495 1256 3564 partimq;
1274 3492 1327 3547 ΑΒ

163 3576 189 3633 8.
206 3577 325 3632 collectis
341 3578 523 3636 Weissenborn
540 3581 665 3637 coniectis
684 3582 716 3635 X
747 3581 921 3637 tentoriorum
938 3580 1141 3649 integendorum
1158 3580 1264 3650 gratia]
1278 3579 1327 3633 del.

171 3659 307 3717 Welhuber
341 3667 365 3719 9.
384 3667 556 3721 tentoriorum
576 3686 593 3718 α
612 3667 764 3736 tentoriae
798 3668 930 3736 compegit
940 3665 1092 3732 Hoffmann
1108 3665 1221 3720 coniecit
1231 3664 1327 3720 Mona

163 3800 284 3868 contegit
302 3800 334 3854 X
368 3802 498 3870 12.preda
515 3803 551 3856 A‘
586 3763 779 3859 lenienda
814 3802 854 3858 14.
863 3803 977 3871 presidio
995 3803 1038 3857 A‘.

232 3900 277 3956 Vl.
295 3903 319 3956 2.
338 3904 440 3972 nequod
459 3923 476 3956 α
494 3905 595 3973 ᾳιιοάβ
630 3905 654 3958 3.
674 3908 743 3959 esset
762 3925 779 3958 α
795 3887 863 3974 ‘aba
896 3906 921 3961 4.
939 3904 1032 3975 gaium
1051 3924 1068 3957 α
1086 3912 1155 3974 op
1190 3905 1215 3961 6.
1233 3904 1326 3960 canabi

164 4035 233 4090 ΜΒ
251 4037 424 4092 caenabiAT
437 4040 535 4107 genabi
549 4040 576 4095 U
606 4043 678 4108 curn]
696 4057 743 4094 con
760 4040 788 4095 Β
822 4044 845 4097 t.
863 4042 934 4097 bello
952 4000 1033 4097 uacds
1050 4041 1078 4096 Β
1111 4042 1134 4094 8.
1153 4041 1324 4109 praestabant

164 4120 190 4173 A
224 4120 353 4218 finitimas
371 4141 437 4194 quae
455 4125 483 4180 Β
516 4125 558 4179 his
577 4126 642 4179 A‘T
654 4127 688 4180 iis
705 4125 773 4180 B‘U
802 4142 888 4182 correo
906 4136 923 4196 β
941 4126 1032 4182 corbeo
1059 4146 1076 4179 α
1113 4128 1153 4182 10.
1171 4143 1323 4183 suessonum

164 4217 236 4327 (suis
254 4219 320 4348 sins
337 4259 383 4326 M)
402 4260 433 4313 x
467 4263 507 4316 n.
525 4261 651 4317 attributi
668 4262 703 4315 r
720 4263 853 4318 adtributi
870 4263 905 4318 Β.
