2978 4972
158 357 218 423 146
717 363 764 422 VI

126 529 142 592 1
238 526 381 591 ΧΧΧΧ.
421 525 558 592 Calones
577 528 611 590 in
628 527 816 612 proximum
833 526 992 591 tumulum
1008 535 1211 627 procurrunt
1237 525 1320 590 Hinc

154 612 301 678 celeriter
319 611 434 676 deiecti
459 634 492 675 se
509 613 543 676 in
566 613 661 696 signa
683 611 929 698 manipulosque
946 612 1127 693 comciunt3
1151 633 1190 676 eo
1219 613 1320 696 magis

124 697 284 763 2timidos
311 705 489 783 perterrent
516 695 641 760 milites.
685 696 761 779 Alii,
790 718 890 761 cuneo
916 697 1002 760 facto
1023 706 1060 761 ut
1085 694 1233 760 celeriter
1254 717 1321 782 per-

155 790 316 868 rumpant,
327 791 463 861 censent,
484 783 636 866 quoniam
653 792 721 845 tam
739 784 923 868 propinqua
936 784 1001 846 sint
1017 790 1133 862 castra,
1152 791 1184 845 et
1202 782 1231 844 si
1248 803 1322 866 pars

156 866 268 951 aliqua
290 867 509 930 circumuenta
534 866 698 947 ceciderit,
725 877 759 930 at
784 866 925 952 reliquos
957 867 1081 930 seruari
1108 887 1206 951 posse
1227 864 1321 930 confi-
1348 870 1363 927 5

126 951 248 1033 3durt3
275 951 340 1031 alii,
366 960 402 1014 ut
429 953 464 1015 in
491 952 569 1036 iugo
597 953 772 1015 consistant
794 974 814 1015 a
852 974 891 1016 ue
913 949 1051 1015 eundem
1077 971 1190 1014 ornnes
1218 949 1323 1015 ferant

126 1038 276 1101 4casum.
319 1035 393 1101 Hoc
410 1046 535 1100 ueteres
552 1057 616 1100 non
637 1036 779 1122 probant
793 974 920 1116 milites,
939 1057 1019 1121 quos
1038 1034 1098 1099 sub
1117 1033 1243 1099 uexillo
1260 1058 1325 1100 una

179 1121 317 1185 refectos
335 1120 511 1185 docuimus.
555 1121 670 1205 Itaque
687 1121 770 1186 inter
792 1143 826 1185 se
851 1120 1012 1185 cohortati
1033 1119 1115 1185 duee
1141 1119 1228 1184 Gaio
1247 1119 1323 1184 Tre

156 1145 265 1286 lenio,
290 1206 395 1291 equite
423 1205 581 1286 Romano,
613 1206 668 1290 qui
699 1207 745 1269 eis
776 1215 845 1269 erat
871 1206 1087 1291 praepositus,
1113 1226 1173 1291 per
1199 1204 1323 1270 medios

156 1291 264 1355 hostes
289 1313 419 1377 perram
443 1302 501 1354 unt
531 1289 709 1355 incolumes
731 1312 772 1354 ue
805 1289 849 1354 ad
878 1312 979 1353 unum
1006 1311 1117 1354 omnes
1151 1290 1188 1353 in
1218 1295 1367 1354 caslucio

126 1376 353 1462 bperueniunt.
431 1396 467 1439 os
493 1375 655 1439 subsecuti
683 1313 812 1439 cdlones
839 1376 1027 1460 equitesque
1058 1372 1175 1438 eodem
1200 1375 1324 1460 impetu

127 1459 296 1525 timilitum
310 1461 429 1522 uirtute
447 1470 624 1523 seruantur.
666 1460 712 1523 At
728 1461 761 1540 ii,
779 1461 835 1544 qui
850 1462 884 1523 in
901 1460 977 1544 iugo
996 1460 1216 1540 constiterant
1234 1459 1323 1524 nullo

157 1545 255 1609 etiam
277 1565 362 1607 nunc
383 1567 444 1607 usu
466 1545 513 1607 rei
535 1543 683 1608 militaris
701 1554 866 1631 percepto,
888 1566 990 1629 neque
1016 1544 1051 1607 in
1068 1565 1117 1625 eo,
1157 1541 1225 1608 uod
1251 1566 1323 1630 pro-

157 1629 324 1708 bauerant,
343 1627 476 1692 consilio
498 1651 696 1713 permanere,
713 1639 749 1692 ut
770 1651 805 1693 se
827 1628 898 1693 loco
922 1629 1086 1715 superiore
1104 1565 1323 1710 ddlenderent7

158 1734 262 1814 neque
279 1735 366 1794 earn,
393 1736 490 1798 quam
512 1712 666 1798 prodesse
693 1713 765 1777 aliis
786 1716 856 1778 uim
883 1713 1142 1798 celeritatemque
1163 1713 1324 1795 uiderant,
1335 1716 1366 1773 15
1392 1744 1399 1761 ‹

159 1799 279 1862 imitari
309 1808 495 1885 potuenmt,
523 1798 580 1862 sed
609 1820 644 1862 se
669 1801 702 1862 in
733 1808 838 1862 castra
868 1799 1010 1883 recipere
1036 1799 1144 1862 conati
1174 1799 1324 1883 iniquum

130 1884 193 1949 ‘lin
211 1881 318 1947 locum
333 1882 536 1947 demiserrmt.
563 1883 780 1963 Centuriones,
799 1905 936 1968 quorum
952 1881 1097 1947 nonnulli
1105 1904 1149 1946 ex
1165 1882 1324 1948 inferiori-

158 1968 220 2033 bus
238 1967 405 2032 ordinibus
422 1967 619 2054 reliquarum
637 1967 802 2053 legionum
820 1968 950 2031 uirtutis
972 1989 1072 2031 eausa
1089 1969 1123 2030 in
1141 1970 1322 2052 superiores

158 2065 249 2118 erant
271 2053 400 2117 ordines
418 2053 513 2117 huius
532 2052 668 2139 legionis
690 2053 839 2132 traducti,
860 2074 901 2116 ne
923 2063 996 2116 ante
1019 2062 1149 2139 partam
1169 2053 1218 2116 rei
1241 2053 1322 2117 mili-

128 2139 236 2205 titaris
258 2138 388 2202 laudem
406 2140 596 2217 amitterent,
614 2138 789 2202 fortissime
810 2148 992 2223 pugnantes
1015 2136 1235 2201 conciderunt
1264 2138 1322 2201 Mi·
1331 2137 1399 2194 21

157 2221 249 2286 litum
267 2246 351 2322 pars,
373 2222 488 2286 horum
511 2226 628 2286 uirtute
646 2224 813 2287 summotis
840 2221 1001 2291 hostibus.
1021 2232 1150 2307 praeter
1167 2245 1261 2308 spem
1278 2225 1322 2287 in·

158 2304 293 2371 columrs
310 2309 345 2370 in
367 2317 473 2371 castra
490 2310 645 2392 peruenit,
670 2330 748 2392 pars
766 2331 786 2371 a
807 2307 958 2370 barbaris
979 2309 1200 2370 circumuenta
1217 2309 1320 2393 periit

130 2399 146 2459 1
243 2391 404 2455 XXXXI.
430 2390 587 2456 Germani
596 2392 766 2478 desperata
775 2415 839 2476 exp
909 2394 1017 2456 atione
1026 2402 1216 2474 castrorum,
1234 2393 1320 2478 quod

158 2486 285 2540 nostros
315 2478 382 2539 iarn
412 2478 593 2540 constitisse
627 2477 662 2540 in
701 2479 871 2541 munitioni
895 2500 933 2540 us
967 2476 1140 2558 uidebant,
1179 2499 1255 2542 cum
1284 2501 1321 2542 ea

158 2560 293 2646 praeda,
315 2583 413 2646 quam
435 2561 470 2623 in
492 2560 583 2625 siluis
609 2560 838 2660 deposuerant,
859 2573 947 2625 trans
970 2562 1119 2625 Rhenum
1145 2585 1217 2626 sese
1238 2585 1320 2627 rece

127 2650 281 2731 eperunt
323 2645 374 2709 Ac
399 2655 507 2710 munus
537 2645 598 2709 fuit
624 2658 722 2710 etiam
746 2656 820 2732 post
851 2647 1027 2710 discessum
1048 2646 1191 2711 hostium
1212 2658 1331 2729 terror,-

159 2740 194 2795 ut
216 2753 254 2796 ea
280 2741 382 2811 nocte,
408 2752 483 2795 cum
513 2730 617 2795 Gaius
647 2730 829 2795 Volusenus
859 2733 976 2795 missus
1002 2754 1076 2795 cum
1102 2735 1251 2817 equitatu
1280 2733 1320 2798 ad
1347 2725 1396 2784 5

158 2826 263 2881 casim
282 2818 431 2896 uenisset,
452 2815 551 2880 tidem
567 2838 633 2880 nou
653 2816 772 2880 faceret
794 2816 908 2880 adesse
928 2839 1002 2880 cum
1028 2814 1183 2881 incolumi
1204 2816 1320 2883 Caesa-

127 2902 224 2967 3rem
246 2903 401 2965 exercitu.
445 2900 500 2967 Sic
527 2903 658 2965 omuino
681 2903 807 2965 animos
828 2902 926 2965 timor
951 2913 1264 3001 praeoccupauerat,
1287 2913 1321 2966 ut

158 3007 262 3070 paene
288 2985 429 3050 alienata
446 2996 551 3050 mente
577 2984 689 3050 deletis
712 2986 862 3050 omnibus
889 2989 992 3072 copris
1017 2989 1199 3072 equitatum
1226 3010 1262 3052 se
1282 3010 1321 3052 ex

224 3151 335 3206 xm.
354 3153 564 3222 Lproximuura
580 3153 733 3225 primurn?
765 3155 789 3208 2.
807 3170 836 3208 sc
855 3155 999 3222 insigma
1015 3155 1133 3222 insigna
1149 3160 1219 3226 see
1251 3156 1318 3211 coni·

156 3286 277 3342 aare
317 3286 759 3357 aeanamaaaean
802 3288 993 3358 aalma.
1028 3250 1173 3359 adan
1206 3292 1322 3348 aena

158 3371 230 3443 iisp
279 3372 402 3442 ppositus
416 3371 482 3426 A·B
516 3372 557 3428 lo.
576 3371 752 3442 hutonem
768 3372 798 3427 B
848 3375 894 3468 11.ι
907 3375 1012 3428 calones
1029 3375 1165 3445 autem
1184 3396 1203 3432 α
1220 3377 1322 3448 equites

156 3469 1322 3579 almemutaquuethiiqus‘nsdrasq3iit'mumt

156 3591 369 3664 «mutus
424 3590 838 3663 laptumaepmnissos
888 3594 1322 3666 ltpotumtrtpotuanata

158 3677 201 3732 li.
217 3675 260 3746 ia]
278 3675 326 3745 lm)
342 3675 378 3735 A,
395 3680 484 3747 aad
531 3675 695 3731 demiserunt
719 3677 849 3747 amp.
875 3677 1035 3733 &mserum
1050 3678 1111 3734 Rs
1158 3681 1201 3735 lu
1218 3681 1248 3735 iu
1263 3682 1324 3736 reli-

156 3813 288 3881 quas
340 3777 1323 3909 rammrmemerramuassaueaemmii

156 3947 283 4084 {¹⁸⁸³
304 3947 506 4002 ruamur
528 3948 655 4004 minae
676 3949 704 4004 ι·
733 3949 900 4020 naara·
933 3911 1126 4005 samba
1157 3913 1323 4023 summi)

216 4031 511 4214 &diligi-..4⁶
526 4118 553 4173 ἰι
568 4117 675 4186 gaiu«
690 4134 722 4173 u.
737 4123 760 4190 β
773 4117 808 4172 til
825 4138 845 4174 ι
861 4119 928 4191 iud
947 4121 972 4174 u
988 4081 1142 4191 incolumen
1161 4121 1191 4176 Β
1205 4139 1322 4178 curem
