2924 4974
676 355 738 414 VII
1232 351 1291 418 183

126 521 232 602 diatur,
267 530 417 594 ‚uantum
435 542 535 584 naues
553 521 790 605 processissent,
808 519 948 606 reliquas
967 523 1077 606 copias
1096 534 1207 588 contra
1224 524 1286 587 La-

67 613 113 669 15
123 606 247 671 bionum
260 543 441 668 (duxerunt.

200 690 306 754 LXII.
338 690 448 753 Prima
474 689 544 754 luce
575 700 606 754 et
636 692 737 754 nostri
768 712 879 754 omnes
908 702 998 754 erant
1019 694 1228 777 transportati
1255 702 1286 757 et
1318 692 1335 754 1

119 775 255 841 hostiurn
274 775 359 838 acies
382 775 579 839 cernebatur.
614 774 779 839 Labienus
801 775 919 839 milites
938 776 1132 858 cohortatus,
1154 787 1190 840 ut
1208 800 1285 842 suae
1316 775 1336 840 2

117 862 269 945 pristinae
301 861 429 923 uirtutis
465 870 496 924 et
528 859 842 925 secundissumorum
881 860 1077 945 proeliorum
1116 864 1287 927 retinerent

116 946 303 1010 memoriam
327 954 424 1029 atque
445 945 456 1007 i
482 968 553 1009 sum
572 944 757 1025 Caesarem,
787 945 888 1028 [ouius
914 945 1011 1009 ductu
1040 969 1094 1010 sae
1119 969 1285 1012 enumero

69 1036 103 1095 5
116 1030 221 1096 hostes
244 1053 282 1094 su
307 968 478 1113 erassentd)
487 1040 687 1115 praesentem
710 1029 823 1094 adesse
836 1031 1065 1111 existimarent,
1084 970 1141 1095 dbt
1158 1033 1286 1116 signum

114 1114 235 1200 proelii.
279 1053 390 1179 irimo
414 1136 571 1180 concursu
604 1115 645 1179 ab
675 1114 789 1179 dextro
821 1137 935 1197 cornu,
957 1115 1013 1180 ubi
1041 1118 1178 1201 septimo
1200 1116 1284 1202 legio
1316 1114 1336 1179 3

114 1201 314 1281 constiterat,
339 1199 448 1263 hostes
474 1199 638 1286 pelluntur
669 1210 766 1284 atque
785 1200 829 1262 ·in
860 1200 973 1284 fugam
1003 1203 1214 1264 coniciuntur·
1242 1202 1283 1266 ab
1314 1200 1336 1263 4

115 1287 252 1366 sinistro,
271 1282 484 1370 quemlocum
504 1283 791 1368 duodecimalegio
802 1285 941 1367 tenebat,
959 1308 1033 1349 cum
1051 1287 1147 1370 primi
1157 1251 1284 1350 ordines

114 1370 254 1435 hostium
288 1368 438 1434 transfixi
468 1369 540 1434 telis
578 1369 807 1451 concidissent,
842 1379 950 1434 tamen
985 1372 1137 1434 acerrime
1170 1370 1284 1456 reliqui

35 1464 100 1520 10
113 1455 314 1536 resistebant,
335 1477 394 1518 nec
418 1453 520 1519 dabat
543 1455 758 1540 suspicionem
777 1454 876 1539 fugae
900 1456 1079 1541 quisquam.
1123 1455 1198 1541 Ipse
1217 1455 1285 1519 dux
1315 1456 1335 1521 5

113 1539 256 1605 hostium
267 1538 507 1624 Camulogenus
521 1540 586 1603 suis
597 1539 710 1603 aderat
719 1548 816 1623 atque
830 1562 883 1604 eos
894 1540 1132 1604 cohortabatur.
1158 1541 1284 1605 lncerto
1316 1542 1336 1606 6

114 1627 210 1689 etiam
225 1647 309 1689 nunc
333 1626 423 1688 exitu
441 1626 603 1705 uictoriae,
622 1647 695 1688 curn
719 1626 875 1708 septimae
893 1625 1031 1710 legionis
1048 1626 1184 1690 tribunis
1203 1635 1286 1690 esset

112 1711 302 1791 nuntiatum,
325 1732 409 1794 quae
427 1710 597 1774 insinistro
608 1732 708 1773 comu
723 1720 916 1793 gererentur,
958 1733 994 1775 os
1006 1720 1133 1795 tergum
1143 1710 1284 1775 hostium

112 1794 270 1879 legionem
294 1794 502 1860 ostenderunt
524 1796 682 1879 signaque
705 1793 886 1858 intulerunt.
923 1733 972 1858 ile
995 1816 1032 1859 eo
1057 1795 1187 1894 quidem
1205 1806 1284 1859 tem·
1317 1797 1335 1860 7

41 1885 93 1941 15
112 1902 188 1964 pore
212 1880 386 1965 quisquam
409 1879 480 1945 loco
500 1880 605 1961 cessit,
627 1878 684 1942 sed
703 1880 911 1943 circumuenti
935 1902 1045 1943 omnes
1063 1880 1284 1965 interfectique

113 1976 192 2028 sunt.
235 1964 383 2028 Eandem
414 1965 577 2029 fortunam
599 1963 672 2028 tulit
695 1963 943 2049 Camulogenus.
987 1963 1032 2027 At
1049 1965 1080 2043 ii,
1104 1966 1157 2049 qui
1182 1965 1283 2050 [prae
1315 1968 1334 2032 8

114 2049 203 2133 sidio]
234 2060 346 2114 contra
368 2060 475 2114 castra
492 2050 631 2113 Labieni
650 2059 741 2113 erant
766 2048 881 2130 relicti,
910 2071 984 2113 cum
1015 2048 1174 2133 proelium
1197 2072 1283 2113 com-

112 2136 243 2198 missum
274 2133 454 2216 audissent,
490 2134 633 2198 subsidio
667 2135 733 2198 suis
764 2136 869 2198 ierunt
907 2132 1087 2219 collemque
1122 2144 1284 2218 ceperunt,

112 2241 214 2305 neque
231 2231 417 2284 nostrorum
435 2218 573 2283 militum
592 2220 751 2283 uictorum
770 2221 926 2304 impetum
937 2220 1092 2283 sustinere
1102 2229 1283 2303 potuerunt.

43 2302 95 2362 20
113 2303 164 2369 Sic
182 2327 255 2368 cum
279 2306 346 2368 suia
365 2303 564 2389 fugientibus
587 2305 752 2389 permixti,
776 2327 856 2390 quos
879 2327 944 2369 non
968 2303 1069 2368 siluae
1095 2314 1284 2390 montesque
1315 2311 1335 2376 9

111 2399 276 2470 texerunt,
304 2390 346 2453 ab
374 2391 519 2489 equitatu
550 2399 623 2452 sunt
654 2389 821 2454 interfecti.
873 2389 946 2453 Hoc
973 2391 1104 2473 negotio
1137 2389 1282 2454 confecto
1296 2394 1336 2458 10

110 2473 273 2538 Labienus
295 2484 466 2538 reuertitur
487 2473 706 2558 Agedincum,
725 2475 781 2538 ubi
802 2474 1022 2559 inpedimenta
1048 2474 1145 2538 totius
1164 2476 1288 2538 exerui.

108 2568 160 2623 tus
177 2559 293 2624 relicta
314 2570 419 2643 erant,
446 2560 515 2625 inde
539 2559 591 2623 die
609 2560 679 2625 III.
702 2582 776 2623 cum
801 2559 950 2623 omnibus
973 2560 1073 2644 copiis
1103 2558 1144 2622 ad
1168 2558 1282 2623 Caesa·

108 2665 175 2706 rem
197 2645 352 2730 peruenit.

109 2783 245 2792 ——n-——
250 2786 315 2793 .---

179 2846 262 2901 LXII.
292 2849 318 2901 1.
343 2846 436 2916 nostri]
454 2845 523 2900 nihil
541 2846 581 2900 Β1
633 2847 658 2901 3.
676 2847 787 2916 pristine
805 2846 832 2899 A
884 2844 1134 2899 secundissimorum
1152 2844 1283 2910 (secundis

113 2932 237 2985 simorum
255 2931 320 3002 AB)
339 2952 358 2987 α
384 2933 427 2986 tot
453 2932 708 2987 secundissimorum
731 2930 863 2998 (secundis
886 2932 986 2995 simolt
1014 2929 1087 3000 Τ)β
1137 2931 1283 2985 retinerent

387 3013 397 3039 τ

109 3050 268 3105 memoriam
287 3051 432 3120 (memollia
449 3051 485 3116 A)
503 3071 521 3106 α
541 3051 693 3106 memoriam
704 3049 881 3120 retinerentss
900 3050 924 3105 4.
935 3048 1276 3119 cuius-superassent]del

110 3185 186 3241 Paul
203 3185 278 3241 ducti
295 3187 322 3241 A
348 3186 371 3241 5.
383 3148 527 3255 superussdi
544 3186 573 3241 Β
603 3187 769 3255 praesentem
788 3184 926 3255 (Presentd
944 3185 989 3252 A‘)
1008 3204 1034 3248 α,
1053 3190 1141 3256 οηι.β
1170 3187 1194 3241 6.
1213 3185 1247 3240 ab
1266 3206 1284 3242 α

108 3275 164 3342 asi
197 3273 221 3327 7.
239 3271 458 3342 hostes-atque]
477 3271 521 3335 Β,
539 3288 589 3326 om.
607 3271 661 3340 A‘p
679 3272 701 3325 8.
713 3269 867 3325 duodecima
884 3270 919 3324 A‘
934 3286 1001 3324 Ιιιιῐ·
1015 3270 1284 3341 flqnintadecimaB'

106 3406 134 3460 9.
146 3405 208 3460 telis
227 3425 245 3461 α
263 3405 326 3475 pilis
335 3411 356 3478 β
381 3407 608 3477 10.suspicionem
626 3367 818 3478 (suspicionem
827 3406 864 3474 Β)
882 3405 965 3515 fugaes
973 3406 1099 3477 (lugeM)
1117 3408 1284 3477 quisquama

107 3525 252 3594 quisquam
274 3526 448 3595 suspicionem
467 3526 531 3597 fuge
552 3527 578 3580 Τ
618 3528 659 3580 ll.
678 3528 775 3581 ostium
794 3526 820 3580 A
862 3486 984 3595 atq3wA
1002 3541 1070 3594 eosq.
1095 3526 1121 3579 Τ
1160 3526 1281 3581 cohorta-

109 3610 192 3665 batur
209 3610 244 3664 A‘
261 3610 416 3665 cohortatus
433 3610 469 3665 Β
494 3611 654 3667 hortabatur
671 3617 691 3683 β
724 3613 826 3667 incerto
835 3612 871 3666 B‘
890 3613 926 3667 At
944 3613 1045 3666 incerto
1053 3611 1108 3682 A‘ss
1142 3613 1182 3665 12.
1201 3611 1283 3666 etiam

107 3711 180 3749 nunc
198 3695 254 3766 ΑΒ
270 3711 339 3749 nunc
359 3696 441 3750 etiam
459 3696 494 3749 B‘
543 3713 605 3749 Ιιιι·
620 3697 735 3765 legionis
752 3697 935 3768 ssaseptima
953 3697 1057 3765 legione
1076 3715 1094 3751 α
1129 3698 1200 3750 esset
1218 3712 1284 3749 nun·

107 3814 211 3869 tiatum
221 3814 314 3884 (nuum
324 3813 370 3884 M)
380 3830 398 3872 α
409 3815 564 3870 nuntiatum
575 3818 674 3885 essetss
690 3816 730 3872 13.
741 3777 919 3925 getdlprentur
928 3815 957 3869 Β
974 3817 1034 3884 post
1043 3831 1136 3883 argum
1153 3813 1215 3868 ΜΒ
1225 3816 1284 3883 post

111 3934 196 4002 tergi
213 3932 240 3986 A
276 3933 316 3987 14.
332 3934 477 4004 signaquae
495 3935 522 3988 A
557 3934 723 3989 Intullerunt
741 3935 769 3988 Β
803 3950 851 3989 neo
875 3934 903 3988 Β
939 3935 979 3989 15.
997 3934 1111 3989 cirueuti
1128 3933 1168 3988 Β1
1204 3935 1245 3988 16.
1263 3934 1283 3987 ii

108 4017 146 4071 A'
164 4016 205 4072 hii
222 4017 391 4073 B¹UMcorr.
410 4019 439 4073 hi
462 4021 487 4071 T
517 4017 659 4089 praesidio]
678 4018 728 4073 del.
739 4019 813 4074 Paul
849 4021 888 4075 17.
899 4023 987 4073 castra
996 4018 1095 4073 labieni
1112 4024 1133 4091 β
1149 4018 1283 4075 labienum

111 4123 132 4159 α
158 4102 288 4171 praelium
306 4103 335 4158 Β
362 4106 402 4159 18.
419 4108 560 4173 coeperunt
578 4104 606 4158 Β
637 4105 677 4159 19.
696 4105 828 4158 uictorum
846 4109 866 4175 β
883 4105 1064 4172 uictorumque
1083 4124 1101 4161 α
1136 4104 1283 4174 impetuA¹

110 4187 234 4256 lupinum
253 4187 281 4241 Β
307 4188 347 4242 22.
369 4189 498 4243 exertitns
516 4187 545 4242 Β
578 4188 620 4242 93.
638 4188 699 4242 inde
718 4188 860 4243 distortio
881 4187 1094 4243 Whitteindiem
1114 4189 1194 4259 (indie
1213 4189 1284 4257 ΜΒ)

120 4271 219 4327 uinde
237 4276 263 4342 β.
