2978 4972
193 341 231 402 14
764 341 780 399 1

190 507 325 573 euellere
357 529 461 592 neque
493 508 622 570 sinistra
647 505 792 591 inpedita
824 507 902 570 satis
932 503 1102 569 commode
1129 526 1274 590 pugnare
1301 528 1357 590 po-

160 599 302 673 lterant,
325 591 418 656 multi
435 604 470 654 ut
493 591 548 655 diu
566 593 686 655 iactato
704 588 838 654 brachio
880 600 1083 675 raeoptarent
1105 600 1232 653 scutum
1257 612 1358 654 manu

161 681 334 746 beurittere
351 687 384 740 ct
400 675 488 740 nudo
506 697 640 761 corpore
662 696 815 760 pugnare.
890 674 1007 738 andem
1028 673 1217 738 uulneribus
1240 674 1357 739 defessi
1372 681 1413 738 10

191 776 222 827 et
244 762 361 848 pedem
378 761 497 826 referre
514 772 554 841 et,
576 759 664 845 quod
681 782 774 823 mons
797 758 928 825 suberat
945 761 1073 824 circiter
1090 759 1178 823 mille
1203 782 1357 845 passuum

162 850 303 931 (lapario,
330 869 367 910 eo
386 869 421 910 se
438 847 502 911 reci
527 867 581 909 ere
597 855 778 944 coeperunt
813 844 917 930 Capto
935 855 1043 909 monte
1061 855 1092 909 et
1112 843 1358 908 succedentibus

191 933 309 996 nostris
320 931 435 995 Boiict
452 869 595 1016 'lulingi⁷
613 953 669 1016 qui
678 929 844 994 bominum
862 929 994 994 milibus
1016 931 1145 993 circiter
1154 928 1219 992 XV
1241 951 1359 1014 agmen

193 1016 333 1081 hostium
360 1016 555 1080 claudebant
581 1026 612 1078 et
643 1016 829 1079 nouissimis
855 1015 1017 1100 praesidio
1048 1028 1156 1095 erant,
1183 1036 1225 1078 ex
1246 1015 1359 1079 itinere

192 1112 318 1167 nostros
343 1100 443 1165 latere
480 1111 591 1186 aperto
614 1100 768 1184 ‚adgressi
793 1102 1025 1164 circumuenire
1055 1112 1087 1163 et
1119 1099 1154 1163 id
1181 1102 1359 1185 conspicati
1373 1104 1411 1160 15

193 1186 344 1265 Heluetii,
366 1187 422 1272 qui
440 1188 473 1249 in
490 1196 633 1249 montem
651 1207 721 1249 sese
737 1196 933 1270 receperant,
950 1207 1061 1248 rursus
1078 1185 1199 1249 instare
1218 1197 1249 1248 et
1266 1207 1358 1270 proe

165 1270 272 1338 'ilium
290 1271 507 1356 redintegrare
530 1280 712 1355 coeperunt
754 1270 894 1334 Romani
911 1292 1068 1334 conuersa
1090 1272 1184 1354 signa
1205 1269 1358 1355 bipertito

192 1355 382 1421 intulerunt:
409 1357 515 1441 prima
532 1366 564 1419 ct
586 1354 728 1418 secunda
746 1357 841 1434 acies,
866 1366 902 1418 ut
916 1356 1012 1419 uictis
1035 1377 1074 1419 ac
1091 1357 1260 1419 summotis
1282 1356 1358 1419 resi·

192 1452 297 1521 steret,
316 1443 419 1522 tertia,
440 1451 477 1503 ut
494 1441 658 1504 uenientes
681 1441 857 1504 sustineret

166 1531 182 1592 l
277 1525 402 1588 XXVI.
420 1526 471 1588 Ita
489 1525 622 1609 ancipiti
641 1523 763 1610 proelio
783 1524 840 1588 diu
858 1534 955 1611 atque
977 1526 1093 1588 acriter
1107 1533 1289 1609 pugnatum
1304 1535 1359 1589 est

194 1609 326 1674 Diutius
344 1632 417 1673 cum
435 1611 592 1674 sustinere
607 1619 789 1673 nostrorum
807 1612 946 1695 impetus
962 1632 1027 1674 non
1073 1620 1188 1689 ossent,
1206 1608 1300 1673 alteri
1317 1632 1359 1690 se,

193 1705 230 1759 ut
253 1706 434 1780 coeperant,
459 1697 493 1758 in
515 1704 656 1758 montem
678 1716 751 1758 rece
776 1708 876 1775 erunt,
904 1694 995 1759 alteri
1024 1632 1071 1758 acl
1092 1696 1126 1757 in
1150 1694 1311 1758 edimenta
1330 1705 1360 1758 et

165 1785 303 1848 2carros
331 1802 406 1843 suos
433 1802 467 1843 se
493 1778 702 1843 contulemnt.
745 1718 830 1843 gam
859 1779 921 1844 hoc
946 1790 1014 1845 toto
1042 1717 1179 1865 proclo,
1211 1801 1286 1842 cum
1317 1778 1359 1843 ab

195 1864 275 1929 hora
306 1865 445 1950 septima
476 1864 519 1928 ad
549 1886 719 1948 uesperum
749 1875 930 1949 pugnatum
961 1866 1016 1944 sit,
1055 1886 1204 1929 auersum
1236 1863 1360 1928 hostem
1393 1870 1412 1927 5

165 1949 305 2016 3uidere
322 1972 416 2013 nemo
434 1951 547 2035 potuit
581 1948 636 2012 Ad
654 1948 789 2013 multam
807 1961 933 2014 noctem
952 1952 1049 2013 etiam
1068 1949 1111 2013 ad
1129 1949 1360 2034 impedimenta

218 2045 375 2120 ugnatum
398 2046 453 2116 est,
475 2044 646 2120 propterea
665 2034 754 2119 quod
768 2057 826 2120 pro
845 2034 932 2099 uallo
956 2056 1064 2098 carros
1083 2033 1268 2099 obiecerant
1290 2045 1322 2098 et
1343 2058 1361 2098 e

194 2057 265 2183 lbco
289 2120 452 2204 superiore
469 2122 504 2183 in
522 2129 648 2184 nostros
670 2121 832 2184 uenientes
855 2119 919 2183 tela
938 2119 1149 2200 coniciebant,
1167 2130 1199 2183 et
1215 2119 1360 2184 nonnulli

195 2206 277 2268 inter
295 2226 404 2268 carros
419 2216 572 2289 rotasque
589 2213 731 2268 mataras
742 2227 781 2268 ac
790 2204 936 2289 tragulas
955 2204 1160 2268 subiciebant
1168 2214 1360 2290 nostrosque

164 2287 418 2353 Auulnerabant.
444 2288 512 2352 Diu
531 2310 604 2351 cum
623 2300 705 2352 esset
716 2300 906 2375 pugnatum,
923 2289 1162 2375 impedimentis
1181 2291 1361 2375 castrisque
1374 2297 1415 2354 10

165 2375 296 2439 bnostri
317 2374 412 2458 potiti
421 2382 501 2437 sunt.
544 2371 598 2436 Ibi
616 2372 818 2460 Orgetorigis
845 2374 914 2438 filia
937 2384 1035 2460 atque
1051 2397 1134 2439 unus
1152 2397 1171 2438 e
1191 2373 1267 2439 filiis
1286 2396 1360 2460 cap-

194 2468 246 2521 tus
268 2467 323 2522 est
365 2457 419 2520 Ex
446 2479 482 2522 eo
508 2456 631 2543 proelio
655 2461 780 2524 circiter
797 2459 965 2524 hominum
987 2459 1078 2523 milia
1096 2458 1225 2524 CXXX
1251 2482 1361 2545 super-

195 2541 323 2607 fuerunt
336 2564 439 2628 eaque
447 2552 515 2607 tota
529 2553 623 2607 nocte
637 2547 834 2608 continenter
845 2546 962 2609 ierunt:
979 2544 1101 2609 nullam
1115 2555 1242 2630 partem
1256 2547 1360 2609 noctis

194 2628 307 2692 itinere
332 2629 513 2692 intermisso
540 2628 574 2691 in
599 2627 680 2692 fines
701 2629 888 2714 Lingonum
916 2628 968 2694 die
995 2640 1110 2715 quarto
1136 2640 1360 2714 peruenerunt,

195 2734 267 2776 oum
286 2721 317 2777 et
335 2723 464 2799 propter
476 2712 612 2777 uulnera
625 2713 763 2778 militum
782 2723 814 2778 et
828 2724 960 2800 propter
973 2713 1170 2800 sepulturam
1181 2717 1360 2780 occisorum
1371 2720 1412 2777 15

165 2800 294 2863 bnostri
310 2798 454 2862 triduum
471 2800 588 2862 morati
606 2820 660 2862 eos
678 2801 770 2884 sequi
787 2821 852 2864 non
869 2801 1056 2885 potuissent
1089 2799 1209 2864 Caesar
1228 2800 1270 2864 ad
1284 2801 1360 2864 Lin-

195 2904 296 2965 gonas
319 2881 441 2948 litteras
459 2884 653 2968 nuntiosque
678 2885 774 2966 misit,
796 2906 837 2948 ne
859 2907 913 2949 eos
939 2884 1099 2949 frumento
1125 2906 1206 2948 neue
1233 2884 1300 2949 alia
1324 2907 1360 2949 re

195 2967 358 3031 iuuarent:
381 2969 438 3052 qui
460 2969 488 3032 si
509 2969 674 3049 iuuissent,
696 2990 731 3033 se
753 2968 866 3033 eodem
884 2969 965 3051 loco,
983 2991 1046 3056 quo
1065 2968 1242 3052 Heluetios,
1268 2968 1359 3034 habi-

195 3060 309 3115 turum.
352 3051 430 3137 Ipse
453 3052 559 3117 triduo
582 3054 762 3118 intermisso
786 3075 859 3117 cum
885 3053 1036 3119 omnibus
1063 3054 1164 3140 copiis
1187 3077 1242 3119 cos
1268 3056 1360 3140 sequi

195 3138 309 3221 coepit.
1370 3146 1413 3204 20

193 3370 217 3424 8.
237 3370 357 3440 inpedita
374 3373 402 3427 A
418 3373 587 3444 impeditaB
620 3377 769 3432 commodas
787 3377 823 3431 A‘
857 3379 882 3431 9.
891 3378 968 3432 scuta
989 3392 1004 3430 o
1022 3376 1049 3430 A
1073 3376 1183 3442 s(e)cuta
1200 3391 1213 3428 e
1232 3375 1270 3428 M
1286 3339 1360 3430 scntb

194 3454 221 3511 Β
256 3456 298 3510 12.
314 3458 403 3557 spatip
418 3458 482 3514 add.
499 3459 599 3516 Dicter
633 3459 838 3530 succendentib3
856 3460 885 3516 Β
918 3461 961 3516 13.
979 3460 1070 3515 circite
1087 3460 1124 3515 B‘
1159 3460 1360 3515 1111111111-

193 3590 250 3645 nire
268 3591 333 3646 MU
346 3557 480 3649 cillanem
494 3594 523 3649 Β
539 3596 611 3650 circu
628 3611 723 3650 uenere
740 3595 767 3649 A
792 3596 987 3651 circumusnere
1004 3595 1097 3651 RTUs
1142 3597 1183 3652 16.
1200 3596 1306 3650 heluitii
1333 3596 1360 3649 A

193 3675 304 3731 heluicii
322 3677 360 3731 M
389 3678 501 3746 prelium
527 3680 556 3735 Β
590 3681 631 3737 17.
650 3681 766 3748 bipertra
782 3681 826 3734 B‘.

261 3811 359 3868 xxvi.
376 3815 399 3869 1.
417 3776 582 3884 alonius
598 3776 755 3882 dilusus
780 3817 805 3870 a.
823 3776 978 3884 pasius
1003 3777 1170 3872 aredius.
1188 3815 1216 3871 Β
1258 3816 1359 3885 inpedi-

194 3898 284 3949 menta
301 3899 336 3950 A‘
364 3899 555 3968 impedimenta
571 3899 600 3954 B
643 3900 667 3954 5.
687 3915 809 3954 auersum
826 3901 854 3954 A
871 3916 940 3958 corr.
957 3902 986 3955 B
1003 3916 1072 3957 corr.
1103 3902 1244 3957 aduersum
1271 3901 1303 3955 X
1336 3903 1360 3954 7.

193 3963 261 4036 ua¹lo
278 3980 306 4036 Β
357 3983 509 4040 abiecerunt
526 3983 565 4039 B¹
623 3986 646 4040 9.
669 3984 752 4053 rotas]
778 3983 854 4039 redas
880 3986 980 4041 Mcr'ser
1033 3989 1074 4041 11.
1095 3987 1152 4041 filia
1170 4007 1188 4042 α
1213 3987 1285 4040 filiae
1302 3985 1359 4059 (313²

195 4118 235 4172 12.
252 4091 371 4187 proslitsl)
388 4119 416 4174 B
450 4120 492 4175 13.
510 4135 541 4174 ea
558 4119 645 4190 qusA
674 4120 713 4174 14.
733 4121 829 4188 quarta
845 4121 881 4175 A'
917 4123 958 4176 15.
977 4123 1151 4190 occitslsorum
1170 4121 1198 4177 Β
1233 4124 1274 4177 16.
1291 4122 1358 4190 ligo

198 4269 280 4322 gonas
298 4255 326 4309 A
361 4255 400 4309 1s.
420 4253 515 4323 quisi]
535 4254 604 4322 siqui
628 4254 668 4309 W.
687 4252 762 4308 Pau
781 4254 910 4311 neruum
927 4257 954 4311 A
971 4259 1098 4314 seruatos
1117 4259 1154 4312 u
1184 4218 1306 4312 habitiln
1323 4257 1358 4312 s.
