2924 4974
154 347 197 411 46
728 348 760 406 ΙΙ

157 540 219 602 quc
243 517 347 602 prima
370 514 462 612 signa
484 513 661 596 conspexit,
684 511 823 576 adhaec
845 514 995 593 constitit,
1017 537 1057 579 ne
1080 517 1112 579 in
1136 522 1332 602 quaerendis

156 605 222 666 suis
269 596 413 701 ugnundr
431 608 559 681 ternpus
578 595 758 660 dimitteret.
1329 646 1332 651 .

130 683 142 743 l
242 625 351 748 ilnll.
370 682 530 746 Instructo
549 681 700 761 exercitu,
718 683 821 765 magis
846 693 879 744 ut
901 680 963 746 loei
981 695 1097 749 natura
1120 686 1331 776 delectusque

156 770 248 836 collis
266 781 297 833 et
319 768 493 832 necessitas
519 767 681 865 temporis,
709 787 806 912 quam
825 777 860 829 ut
884 768 927 830 rei
956 768 1102 834 militaris
1124 773 1206 838 ratio
1231 785 1330 923 atque

156 855 235 920 ordo
256 851 452 940 postulabat,
470 872 543 914 cum
563 849 698 913 druersrs
734 849 902 934 egionibus
921 851 1003 917 aliae
1022 853 1087 918 alia
1108 858 1141 919 in
1159 869 1255 942 parte
1296 884 1329 925 o·

155 940 258 1004 stibus
277 938 466 1016 resisterent,
485 934 701 1033 saepibusque
719 933 923 1016 densissimis,
941 948 976 1000 ut
1003 949 1076 1002 ante
1095 939 1329 1008 demonstraui-

155 1048 236 1101 mus,
255 1022 427 1087 interiectis
444 1030 633 1105 prospectus
652 1019 854 1103 inpediretur,
869 1042 973 1105 neque
991 1034 1078 1087 certa
1096 1024 1355 1101 subsidiacon-5

155 1110 253 1174 lauari
272 1129 385 1193 noque,
408 1103 486 1191 quid
504 1105 535 1166 in
555 1126 683 1252 quaque
701 1115 791 1189 parte
810 1127 891 1189 opus
915 1117 1005 1188 esset,
1032 1110 1196 1256 prouideri
1221 1136 1328 1199 neque

125 1194 196 1263 itui»
225 1217 288 1258 uno
317 1191 426 1255 oruuiu
447 1190 581 1274 imperia
605 1213 624 1252 a
648 1190 821 1252 ministrari
837 1200 993 1274 poterant.
1055 1204 1152 1280 taque
1180 1199 1213 1260 in
1236 1208 1328 1264 tanta

156 1302 259 1344 rorum
285 1278 339 1341 iuis
354 1277 452 1339 uitato
471 1273 618 1337 fortunae
637 1295 765 1358 quoque
784 1285 916 1338 euentus
933 1278 1015 1340 uarii
1038 1279 1266 1363 sequebantur.

130 1370 138 1432 1
243 1300 368 1427 xxiii.
397 1358 550 1458 Legionis
575 1380 679 1423 nonae
702 1369 733 1421 et
756 1358 899 1424 decimae
921 1360 1045 1442 milites,
1074 1374 1109 1427 ut
1135 1367 1169 1428 in
1196 1368 1327 1434 sinistra

156 1460 245 1535 porto
265 1446 333 1511 rusie
355 1454 571 1523 rzrtnstrterant,
588 1442 662 1528 pilis
681 1445 803 1507 emissis
830 1467 925 1508 eursu
953 1469 990 1509 ao
1008 1445 1196 1514 lassitudine
1214 1456 1325 1518 exani·

155 1544 257 1597 ruotro·
287 1527 536 1612 uttiueribusque
558 1528 721 1592 confectos
739 1527 912 1593 Atrebates
936 1533 1024 1611 (nam
1042 1534 1081 1596 iis
1104 1556 1143 1597 ea
1191 1559 1244 1599 ars
1268 1538 1324 1603 ob-

155 1629 297 1695 nonorot)
325 1612 470 1677 «celeriter
493 1635 534 1676 ex
561 1611 631 1677 loco
656 1615 818 1760 supprime
833 1615 877 1682 ,in
905 1614 1025 1679 flumen
1052 1558 1266 1703 conpuliirunt
1294 1635 1325 1687 et

153 1702 286 1767 troruiro
304 1710 457 1763 cursantes
480 1699 612 1761 insecuti
635 1696 690 1782 gla
716 1699 751 1760 ”s
776 1721 928 1782 magnam
951 1711 1075 1786 partem
1095 1727 1205 1768 eorum
1223 1707 1351 1792 impe-5

123 1804 142 1859 >t
153 1788 252 1853 ditum
281 1784 513 1849 interimerunt
557 1781 625 1867 Ipsi
651 1783 787 1846 transire
809 1782 930 1847 flumen
951 1809 1016 1850 non
1040 1786 1270 1854 dubitauerunt
1293 1805 1324 1857 et

154 1880 183 1935 io
205 1870 309 1935 burron
330 1870 446 1933 inicum
472 1869 633 1952 progressi
652 1890 761 1930 rursus
779 1869 959 1933 resistentes
977 1871 1085 1935 hostes
1103 1873 1321 1960 redintegrato

123 1974 142 2025 ,t
166 1954 274 2021 niolio
298 1956 329 2017 iu
349 1954 460 2017 iuram
484 1954 671 2016 coiecerunt.
716 1952 797 2015 Item
817 1952 880 2016 alia
902 1956 935 2017 in
953 1964 1044 2040 parte
1068 1955 1213 2022 diuersae
1239 1960 1322 2026 duae

154 1982 305 2120 lupianum,
333 1977 501 2101 arulense
520 2048 550 2100 et
573 2048 697 2118 (totana,
724 2036 904 2136 profligatis
922 2039 1166 2124 Veromanduis,
1190 2045 1321 2128 quibus-

152 2148 224 2191 muo
252 2138 342 2189 urunt
366 2124 538 2205 congressi,
565 2145 607 2186 cx
634 2121 704 2186 loeo
733 2144 894 2207 superlore
920 2125 953 2187 in
979 2126 1057 2223 ipsis
1080 2125 1220 2192 fluminis
1243 2132 1321 2216 ripis
1332 2141 1360 2198 1(

123 2206 401 2299 qprrtoiialmutur.
436 2208 481 2271 At
499 2208 573 2271 totis
592 2207 659 2270 fere
677 2230 696 2269 a
714 2206 818 2271 fronte
832 2219 864 2270 et
883 2207 923 2271 ab
941 2211 1067 2273 sinlstra
1084 2223 1176 2296 parte
1190 2214 1321 2280 nudatis

151 2294 274 2371 erestein,
300 2314 396 2377 quom
419 2293 450 2356 in
470 2291 584 2355 dextro
608 2314 707 2355 cornu
725 2290 809 2376 legio
835 2292 1025 2357 duodecima
1050 2305 1081 2358 et
1107 2320 1172 2361 non
1199 2322 1319 2385 magno

152 2380 192 2443 ob
211 2402 249 2443 os
269 2375 437 2442 irruentullo
457 2378 593 2462 septima
612 2378 811 2458 constitisset,
830 2400 939 2441 omnes
957 2379 1067 2442 Neruii
1086 2381 1319 2449 confertissimo

151 2462 279 2546 optatior:
310 2461 393 2526 duce
416 2461 641 2545 Boduognato,
673 2463 727 2546 qui
755 2485 914 2526 summam
946 2465 1071 2549 imperii
1101 2468 1244 2549 tenebat,
1278 2471 1321 2534 ad

148 2574 220 2615 sorio
253 2544 357 2613 toooo
380 2546 629 2629 contenderunt3
657 2568 793 2632 quorum
820 2570 895 2632 pars
921 2559 1031 2633 aperto
1054 2548 1153 2615 latere
1176 2551 1360 2638 legioneslt

119 2634 390 2713 ‚eu-iosumooiro,
422 2656 484 2696 rnre
503 2654 663 2695 summum
686 2643 863 2697 castrorum
887 2632 992 2697 locum
1014 2645 1123 2719 petere
1140 2640 1255 2723 coepit.

123 2728 131 2795 l
235 2714 378 2783 xxltlt.
403 2655 525 2781 ilulcm
544 2728 688 2802 tempore
711 2718 833 2802 equites
851 2720 952 2782 nostri
970 2718 1113 2805 leuisque
1134 2735 1317 2788 armaturae

148 2800 279 2893 pullities,
313 2804 366 2889 qui
393 2825 465 2867 cum
494 2804 531 2866 iis
559 2825 625 2866 una
649 2803 783 2882 fuerant,
807 2825 887 2888 quos
911 2805 1014 2887 primo
1037 2805 1177 2870 hostium
1196 2810 1316 2908 impetu

147 2884 257 2977 pulsos
276 2886 432 2968 clixorum,
454 2910 528 2952 cum
556 2910 589 2952 se
616 2889 647 2951 in
666 2897 772 2952 castra
789 2890 974 2972 reciperent,
997 2887 1140 2954 aduersis
1170 2892 1315 2957 hostrbus

789 3005 809 3045 n

149 3060 185 3117 n.
196 3055 281 3131 prim
299 3056 378 3122 sinus
396 3075 414 3110 u
432 3055 510 3121 signs
527 3056 647 3127 primast
688 3055 959 3125 constitn(it)ne(t)A
977 3057 1005 3110 in
1022 3058 1180 3125 quaerendis
1197 3059 1314 3130 (inquae-

482 3150 493 3181 Ι

143 3193 230 3255 resto
249 3193 308 3251 Au
326 3191 482 3263 iuqucreudl
507 3189 553 3260 M)
575 3192 630 3245 suis
649 3210 667 3246 α
692 3191 849 3258 inquirendo
866 3206 926 3245 suos
943 3197 964 3262 β
997 3193 1312 3265 repugnationes

141 3300 161 3341 a
179 3284 285 3351 teuteus
304 3276 441 3349 pugnandi
458 3282 484 3348 β.

211 3367 295 3421 XXH.
323 3363 348 3419 2.
375 3360 425 3431 rel]
452 3377 480 3415 re
503 3361 540 3414 A¹
593 3361 617 3415 ³.
635 3359 717 3415 hordo
734 3361 760 3413 A
795 3359 916 3416 diuersae
934 3362 1051 3430 legiones
1076 3362 1177 3418 Wtute
1210 3366 1235 3420 4.
1254 3382 1310 3422 sse·

141 3502 249 3575 uibuufi
270 3500 297 3557 n
323 3498 481 3569 sepibusque
499 3497 534 3550 A‘
582 3497 605 3553 5.
624 3446 794 3566 impedimur
811 3496 865 3551 AB
889 3497 1035 3566 ipediretur
1052 3497 1087 3552 Μ
1128 3501 1258 3556 conlocari
1274 3502 1307 3556 Β,

209 3641 306 3695 xxm.
326 3636 351 3691 ⁴2.
362 3636 417 3691 ecte
437 3635 483 3691 αΤ
497 3633 564 3688 seiei
584 3633 645 3687 UB¹
679 3634 704 3688 3.
722 3589 926 3724 aiilneribusque
943 3632 972 3687 B
988 3634 1142 3689 uulneribus
1160 3641 1181 3706 β
1213 3638 1247 3692 iis
1255 3637 1310 3709 B‘ss

140 3758 181 3817 ot»
201 3758 234 3813 κί’
270 3757 402 3813 ttuisum
421 3754 458 3808 1³¹
477 3753 596 3822 iniquum
616 3751 689 3808 A‘B·
723 3753 878 3806 resistentes
897 3754 942 3807 αΤ
957 3768 1087 3821 regressos
1102 3769 1133 3807 ec
1150 3757 1305 3814 resistentes

142 3842 263 3901 toruo-r.
308 3842 332 3896 8.
352 3841 502 3897 eoiccsrunt
520 3837 582 3893 AB‘
600 3838 768 3894 coniecerunt
786 3835 858 3891 MR*
875 3836 1006 3891 dederunt
1023 3843 1043 3909 β
1075 3839 1100 3892 9.
1127 3841 1305 3898 uiromnndnis

144 3931 165 3979 K
197 3932 275 3987 rtet
295 3927 359 3985 totis
369 3932 390 4001 st
406 3922 605 3981 utotlsBuar.
624 3923 756 3979 Attonitis
776 3922 830 3977 AR
849 3922 986 3977 Antonitis
1004 3921 1041 3975 M
1054 3923 1191 3979 Adtonitis
1205 3926 1234 3981 B
1250 3927 1304 3982 fere

137 4038 155 4071 o
174 4016 228 4073 lete
246 4013 380 4087 cestusfl
414 4011 523 4068 nudetis
541 4010 665 4065 castriso
682 4007 831 4077 nudetisss
864 4007 905 4060 12.
919 4022 997 4075 quom
1015 4007 1160 4063 Schneider
1178 4028 1229 4081 quo
1244 4011 1304 4066 ΑΒ

143 4154 202 4227 ,tot
226 4150 258 4207 Μ
274 4166 332 4205 curo
351 4158 371 4221 st
404 4109 493 4207 deitro
512 4149 534 4205 A
574 4149 615 4204 13.
634 4147 668 4203 eb
687 4162 717 4201 ee
736 4166 754 4203 α
772 4146 806 4200 ab
828 4144 918 4212 (Lem.
931 4146 959 4197 Τ.

207 4274 316 4329 aratu
334 4274 351 4325 r
369 4232 459 4341 qnl'n
495 4266 600 4325 itanu
617 4266 659 4323 ns
676 4272 697 4338 e
