2978 4972
159 334 179 397 8
726 335 742 392 I

160 500 341 586 apstribus
357 497 599 583 maioribusque
620 498 686 561 suis
705 497 920 565 didicissent
938 518 992 559 ma
1018 496 1026 510 ’
1058 498 1182 560 uirtute
1201 505 1385 564 conten-15

130 584 281 665 lderent,
309 607 405 682 quam
432 581 506 647 dolo
530 596 584 646 eut
610 581 734 646 insidiis
756 584 939 645 niterentur.
1016 603 1095 644 uare
1118 603 1159 644 ne
1182 584 1334 647 commit·

157 680 249 750 teret,
267 682 302 732 ut
324 692 351 733 rs
367 667 464 747 locus,
481 666 538 730 nbi
552 668 776 745 constitissent,
797 687 840 728 cx
853 663 1038 729 calamitate
1059 664 1176 751 populi
1189 665 1334 732 Romani

159 766 190 817 et
203 755 416 817 internecione
430 754 588 816 exercitus
601 773 717 815 nomen
731 762 860 836 caperet
874 762 930 813 ant
952 751 1146 814 memoriam
1169 751 1333 837 proderet

129 837 145 898 1
242 838 353 901 XIHI.
394 837 456 901 His
479 835 599 901 Caesar
624 837 670 899 ita
691 834 870 921 respondit:
903 834 952 897 Eo
975 833 1039 898 sibi
1066 836 1176 900 minus
1200 835 1332 902 dubite-

157 923 253 986 tionis
276 922 355 1003 dari,
373 921 461 1007 quod
478 944 533 986 eas
551 944 610 999 res,
633 942 714 1005 quas
732 919 832 1005 legati
850 918 993 982 Heluetii
1010 932 1332 1004 commemorassent,

157 1009 450 1087 memoriateneret,
468 1019 611 1091 atqueeo
687 1005 760 1068 aius
778 1006 870 1083 ferre,
888 1025 952 1089 quo
963 1005 1071 1068 minus
1081 1006 1199 1070 merito
1214 1006 1333 1092 populi
1391 1084 1394 1089 Α

126 1087 505 1156 2Romaniaecidissent:
515 1091 631 1175 quisiu
646 1090 747 1152 'cuins
759 1089 896 1153 iniuriae
905 1087 968 1152 sibi
979 1089 1332 1172 consciusfirissetnon

158 1175 257 1240 fuisse
273 1174 403 1239 difficile
422 1197 548 1257 cauere3
566 1174 623 1238 sed
642 1196 680 1238 eo
695 1173 874 1259 deceptum,
892 1173 979 1258 quod
996 1196 1103 1260 neque
1116 1177 1331 1241 commissum
1360 1185 1377 1242 5

158 1284 176 1324 a
203 1282 238 1324 se
264 1259 480 1344 intellegeret,
505 1280 605 1344 quare
632 1260 771 1325 timeret.
796 1280 901 1343 neque
927 1260 996 1322 sine
1023 1281 1123 1323 eausa
1146 1261 1331 1326 timendum

125 1341 289 1430 3putarct
316 1344 412 1425 Quod
430 1346 459 1408 si
475 1345 592 1407 ueteris
611 1341 823 1408 contumeliae
842 1341 993 1407 obliuisci
1007 1343 1112 1425 uellet,
1130 1367 1211 1408 num
1229 1347 1329 1411 etiam

154 1432 329 1493 recentium
350 1429 548 1495 iniuriarum.
570 1427 658 1513 quod
680 1450 717 1492 eo
744 1428 847 1491 inuito
873 1429 935 1491 iter
960 1450 1019 1513 per
1041 1431 1248 1514 prouinciam
1270 1455 1330 1518 per

156 1513 223 1576 uim
245 1522 461 1597 temptassent,
479 1511 566 1597 quod
587 1512 729 1582 Aeduos,
751 1511 841 1597 quod
857 1510 1047 1593 Ambarros,
1092 1514 1161 1578 uod
1175 1513 1330 1582 Allobro-

124 1594 222 1680 4gas
244 1607 422 1675 uexassent,
451 1599 639 1660 memoriam
661 1596 820 1682 deponere
842 1596 958 1681 posse?
986 1536 1092 1678 Quodq
1106 1622 1166 1664 sue
1187 1601 1331 1667 uictoria
1342 1611 1377 1669 10

163 1692 229 1745 tam
251 1680 423 1745 insolenter
440 1681 654 1766 gloriarentur
672 1680 823 1766 quodque
840 1694 908 1745 tam
927 1681 984 1745 diu
1002 1704 1037 1746 se
1053 1685 1176 1769 inpune
1193 1685 1329 1752 iniurias

125 1761 272 1830 btulisse
303 1765 548 1833 admirarentur.
578 1764 691 1829 eodem
721 1767 888 1851 pertinere.
932 1765 1113 1832 Consuesse
1140 1769 1228 1833 enim
1252 1770 1329 1836 deos

162 1849 355 1932 inmortales,
374 1873 437 1936 quo
447 1851 579 1935 grauim
590 1850 733 1914 homines
748 1872 790 1913 ex
799 1853 1051 1916 commutatione
1064 1875 1173 1917 rerum
1188 1853 1329 1938 doleant,

161 1958 242 2020 quos
260 1959 318 2022 pro
346 1935 463 2000 scelere
480 1958 592 2000 eorum
614 1935 725 1999 ulcisci
751 1933 860 2014 uelint,
881 1937 921 1999 iis
939 1937 1145 2002 secundiores
1163 1939 1329 2005 interdum

125 2014 205 2084 (ires
231 2034 262 2084 et
284 2021 514 2085 diuturniorem
542 2021 765 2105 impunitatem
786 2020 970 2084 concedere.
1014 2020 1097 2086 Cum
1120 2045 1159 2086 ea
1181 2024 1229 2088 ita
1257 2026 1329 2108 sint,
1339 2033 1374 2091 15

153 2117 272 2175 tamen,
298 2108 326 2169 si
348 2104 477 2169 obsides
499 2104 541 2170 ab
565 2107 606 2168 iis
630 2103 694 2169 sibi
716 2102 839 2184 dentur,
860 2106 975 2183 utica,
998 2128 1082 2190 quae
1103 2106 1328 2207 polliceantur,

154 2189 294 2254 facturos
321 2188 494 2273 intellegat,
523 2201 556 2253 et
578 2190 606 2251 si
626 2187 753 2254 Aeduis
785 2188 825 2252 de
846 2191 980 2269 iniuriis,
1002 2213 1085 2276 quas
1111 2195 1192 2278 ipsis
1216 2196 1326 2260 sociis·

157 2295 219 2358 que
245 2296 356 2338 eorum
383 2272 559 2353 intulerint,
589 2275 666 2336 item
692 2273 720 2337 si
745 2271 981 2359 Allobrogibus
1008 2276 1225 2358 satisfaciant,
1256 2302 1327 2344 sese

133 2355 286 2422 leuntiis
307 2381 421 2507 pacem
443 2381 513 2422 esse
535 2357 702 2421 facturum.
734 2356 854 2422 Diuico
877 2359 1057 2444 respondit:
1079 2360 1132 2425 Ita
1153 2361 1326 2430 Heluetios

155 2466 175 2507 a
193 2444 307 2507 maiori
330 2466 368 2507 us
391 2444 457 2507 suis
475 2444 637 2507 institutos
654 2464 732 2511 esse,
753 2444 799 2506 uti
827 2441 956 2508 obsides
974 2445 1130 2530 accipere,
1156 2469 1223 2511 non
1246 2449 1372 2514 dare20

154 2529 356 2592 consuerint:
379 2529 447 2591 eius
465 2530 511 2591 rei
533 2525 688 2613 populum
711 2527 894 2592 Romanmn
921 2549 991 2610 esse
1007 2540 1130 2594 testem
1175 2532 1251 2597 Hoc
1276 2558 1324 2599 re·

154 2636 273 2699 sponso
296 2613 372 2678 dato
396 2611 549 2677 discessit

127 2695 143 2756 1
239 2698 312 2762 XV.
337 2699 470 2762 Postero
497 2696 550 2761 die
576 2708 681 2772 castra
708 2718 751 2760 ex
778 2718 815 2760 eo
843 2696 915 2761 loco
941 2712 1081 2762 mouent
1124 2698 1218 2764 Idem
1246 2702 1326 2768 facit

154 2783 274 2848 Caesar
299 2786 541 2870 equitatumque
567 2804 708 2861 omnem,
739 2779 782 2845 ad
808 2803 978 2845 numerum
1004 2794 1158 2867 quattuor
1187 2785 1325 2870 milium,

154 2891 249 2953 quern
267 2891 310 2932 ex
331 2871 418 2933 omni
435 2869 602 2968 pronuncia
620 2876 652 2930 et
667 2863 793 2931 Aeduis
812 2882 909 2951 atque
925 2889 1039 2931 eorum
1056 2870 1154 2933 sociis
1172 2883 1325 2936 coactum

153 2953 306 3035 habebat,
345 2954 507 3033 raennttit,
524 2954 581 3038 qui
590 2951 730 3029 uideant,
747 2952 872 3035 quasin
885 2962 995 3050 partes
1004 2951 1113 3017 hostes
1122 2955 1184 3019 iter
1193 2955 1324 3022 faciant

123 3031 220 3119 2Qui
237 3060 278 3102 cu
300 2977 387 3102 itlius
403 3038 615 3102 nouissimum
634 3056 752 3120 agmen
768 3036 903 3099 insecuti
920 3034 1025 3100 alieno
1043 3035 1116 3101 loco
1139 3060 1216 3103 cum
1234 3045 1324 3128 equi·
1353 3047 1369 3104 5

152 3134 223 3187 tatu
282 3122 471 3187 eluetiomm
524 3119 660 3185 roelium
685 3121 905 3185 committunt:
944 3134 977 3185 et
1006 3125 1105 3207 pauci
1136 3122 1177 3187 de
1203 3129 1324 3191 nostris

123 3203 283 3273 3cadunt
327 3207 400 3288 Quo
417 3145 541 3293 proebo
565 3204 686 3270 sublati
703 3203 855 3275 Heluetii,
880 3204 969 3290 quod
997 3207 1185 3293 quingentis
1207 3213 1324 3297 equiti-

154 3293 215 3358 bus
235 3303 360 3358 tantam
381 3290 618 3357 multitudinem
640 3290 783 3376 equitum
808 3289 1030 3375 propulerant,
1066 3292 1224 3359 audacius
1248 3295 1323 3360 snb-

153 3464 195 3517 15.
211 3461 402 3518 contenderent
426 3477 508 3531 quam
524 3458 588 3513 dolo
605 3456 716 3512 Emer
736 3473 816 3526 quam
843 3456 905 3513 dolo
931 3457 1121 3514 mntenderent
1143 3461 1175 3514 X
1204 3468 1324 3528 (conten.

152 3548 248 3603 derant
265 3546 312 3616 Β)
346 3548 387 3603 rt.
404 3545 609 3602 constituissent
626 3541 737 3613 Mpr.,3.

219 3633 312 3688 XIIII.
329 3633 355 3687 2.
373 3631 482 3687 beluItii
497 3631 526 3684 A
542 3627 652 3683 beluicii
668 3625 708 3682 A!
735 3627 761 3681 n
778 3626 905 3681 mammis
922 3627 963 3680 A¹
999 3628 1026 3681 4.
1044 3627 1206 3684 usedissent
1221 3632 1259 3685 A⁴
1279 3648 1323 3688 ao·

152 3767 263 3825 cidisset
279 3769 345 3840 13⁴3
377 3715 532 3824 bdifficire
548 3766 577 3819 A
610 3764 636 3819 s.
652 3762 805 3830 sllobrogas
825 3760 883 3816 AR
907 3760 1060 3832 allobrogos
1076 3763 1116 3818 n
1136 3765 1325 3840 allobrogssp

153 3854 194 3910 10.
210 3855 337 3908 memoris
354 3854 391 3907 A‘
407 3850 534 3907 memoris
549 3849 608 3919 ns
639 3863 714 3917 posse
729 3846 787 3917 Bu
808 3846 892 3916 poss&
909 3847 946 3900 A⁴
985 3850 1030 3904 11.
1043 3848 1167 3919 qnodque
1184 3880 1220 3890 -
1236 3851 1322 3907 admi.

151 3989 286 4060 mentm]
308 4006 359 4059 ost
376 3990 446 4061 Ape.
485 3989 633 4057 inpugna
649 3985 678 4038 A
717 3984 759 4038 II.
781 3933 869 4038 uldsci
885 3984 914 4037 A
937 3982 1028 4038 ulcissi
1041 3983 1092 4038 n¹
1125 3984 1161 4039 iis
1178 3987 1216 4040 A‘
1232 3986 1322 4043 bisB¹

153 4076 194 4133 19.
212 4075 341 4132 heluitios
357 4079 386 4130 A
402 4073 530 4130 heluisios
547 4070 589 4127 M.

219 4160 278 4216 XV.
296 4163 321 4217 b
338 4160 500 4230 (akqmtatu
517 4160 546 4212 A
579 4157 604 4212 6.
622 4152 770 4209 beluitiou'r
785 4154 814 4206 A
830 4151 971 4218 beluiciob
984 4150 1024 4207 A!
1052 4153 1202 4209 eteruisti
1218 4157 1248 4209 A
1264 4156 1323 4212 bel·

151 4247 215 4303 nicil
241 4246 280 4303 rt
325 4247 454 4302 &tants
472 4246 500 4298 A
537 4239 662 4296 ernanus
678 4240 707 4292 A
