2924 4974
532 941 658 998 LIBER
677 941 841 997 SEXTVS.

184 1197 210 1261 I.
241 1197 355 1262 Multis
382 1197 421 1262 de
448 1198 553 1262 causis
581 1196 701 1263 Caesar
727 1199 882 1263 maiorem
909 1195 1038 1263 Galliae
1063 1208 1188 1262 motum
1217 1197 1299 1263 err-1

122 1293 233 1347 ectans
268 1305 327 1368 per
358 1281 504 1348 Marcum
536 1282 701 1364 Silanum,
744 1282 863 1348 Gaium
895 1281 1072 1347 Antistium
1101 1283 1272 1369 Reginum,

102 1305 211 1432 litum
244 1367 394 1433 Sextium
424 1368 549 1453 legatos
580 1367 732 1432 dilectum
764 1368 883 1434 habere
913 1368 1062 1452 instituit3
1100 1367 1196 1432 simul
1228 1365 1302 1433 ab?

105 1451 192 1518 Gneo
216 1452 373 1539 Pompeio
395 1452 588 1540 proconsule
608 1455 700 1539 petit,
731 1455 884 1539 quoniam
905 1455 916 1517 i
942 1477 976 1518 se
999 1452 1040 1518 ad
1061 1453 1177 1518 urbem
1198 1475 1273 1518 cum

89 1538 143 1603 sim
169 1539 237 1603 erio
246 1537 445 1624 reipublicae
453 1560 553 1602 causa
561 1548 748 1620 remaneret,
757 1561 838 1624 quos
848 1561 889 1603 ex
899 1476 1066 1624 Cisalpina
1075 1537 1186 1603 Gallia
1198 1560 1273 1603 con-

108 1561 207 1708 siliis]
228 1633 429 1688 sacramento
446 1623 635 1708 rogauisset,
658 1623 700 1688 ad
722 1625 816 1724 signa
838 1625 1009 1698 conuenire
1031 1634 1063 1688 et
1080 1623 1122 1688 ad
1144 1646 1178 1688 se
1199 1646 1274 1710 pro·

109 1707 202 1773 icisci
231 1709 375 1790 iuberet,
405 1709 516 1794 magni
546 1709 699 1773 interesse
726 1719 822 1773 etram
844 1710 878 1772 in
899 1708 957 1773 reli
981 1731 1059 1773 uum
1080 1717 1208 1795 tempus
1231 1706 1303 1773 ad3

112 1795 288 1879 opinionem
312 1792 441 1858 Galliae
469 1795 680 1874 existumans,
707 1803 813 1859 tantas
835 1793 938 1858 uideri
960 1731 1073 1859 ltaliae
1095 1792 1274 1874 facultates,

111 1888 152 1960 ut,
183 1878 292 1965 siquid
319 1889 402 1944 esset
428 1880 460 1942 in
489 1877 573 1944 bello
603 1879 783 1943 detrimenti
811 1887 991 1964 acceptum,
1022 1901 1086 1943 non
1115 1877 1211 1943 modo
1239 1877 1274 1942 id

87 1965 105 2024 ,0
112 1961 195 2028 breui
213 1974 360 2050 tempore
378 1965 500 2045 sarciri,
522 1962 579 2028 sed
597 1965 694 2029 etiam
712 1963 889 2029 maioribus
909 1965 1020 2048 augeri
1038 1963 1138 2050 copiis
1181 1973 1273 2028 osset.

110 2046 199 2129 Quod
209 2072 283 2113 curn
293 2050 466 2135 Pompeius
485 2059 516 2114 et
523 2047 721 2134 reipublicae
730 2058 761 2114 et
771 2049 932 2114 amicitiae
944 2048 1118 2131 tribuisset,
1130 1986 1304 2114 cellerium

109 2134 248 2198 confecto
270 2157 329 2220 per
351 2156 426 2198 suos
450 2132 568 2199 dilectu
582 2132 685 2198 tribus
701 2144 774 2199 ante
790 2143 940 2199 exactam
958 2133 1095 2200 hiemem
1108 2144 1140 2199 et
1158 2135 1274 2199 consti-

108 2219 181 2283 tutis
215 2229 247 2284 et
279 2219 426 2283 adductis
461 2217 643 2386 legonibus
680 2218 908 2320 duplicatoque
946 2240 1059 2284 earum
1092 2219 1274 2284 cohortium

105 2323 252 2385 numero,
282 2326 462 2390 quaecum

104 2390 206 2475 copiis
225 2389 344 2471 docuit,
363 2389 442 2476 quid
450 2412 477 2538 p

524 2305 613 2369 uinto
644 2304 770 2369 Titurio
799 2314 977 2388 amlserat„
992 2314 1023 2368 et
1054 2304 1216 2371 celeritate
1242 2316 1274 2370 et

481 2411 499 2454 o
524 2389 572 2453 uli
580 2389 718 2454 Romani
733 2389 905 2476 disciplina
923 2398 1020 2476 atque
1038 2412 1115 2477 opes
1133 2400 1272 2477 possent.

188 2474 231 2538 II.
254 2474 427 2540 Interfecto
468 2412 686 2557 ndhtiomaro,
717 2485 752 2539 ut
776 2476 957 2558 docuimus,
989 2475 1031 2541 ad
1053 2477 1121 2540 eius
1142 2473 1300 2562 propin-l

105 2577 185 2642 quos
213 2584 234 2625 a
256 2560 407 2625 Treueris
433 2561 604 2645 imperium
634 2559 784 2625 defertur.
829 2560 889 2625 Illi
912 2559 1066 2625 finitimos
1093 2559 1273 2625 Germanos

114 2645 278 2710 ollicitare
301 2656 332 2710 et
353 2646 524 2732 pecuniam
547 2644 693 2730 polliceri
715 2669 780 2710 non
807 2646 971 2710 desistunt.
1015 2643 1098 2710 Cum
1128 2644 1170 2710 ab
1200 2640 1304 2731 pro-2

117 2730 200 2795 :imis
234 2733 410 2817 impetrare
439 2754 503 2795 non
534 2740 683 2815 possent,
713 2731 881 2796 ulteriores
912 2739 1076 2815 temptant.
1130 2730 1273 2795 Inuentis

124 2816 267 2881 onnullis
291 2815 479 2880 ciuitatibus
501 2818 571 2880 iure
595 2814 732 2880 iurando
763 2817 844 2881 inter
875 2837 909 2879 se
937 2813 1129 2880 confirmant
1155 2814 1274 2880 obsidi-

129 2923 227 2987 usque
251 2901 291 2965 de
314 2902 452 2987 pecunia
474 2911 600 2984 cauent;
630 2901 855 2987 Ambiorigem
883 2899 945 2964 sibi
972 2901 1124 2965 societate
1151 2909 1182 2966 et
1208 2900 1274 2966 foe·

135 3008 180 3052 sre
203 2987 392 3072 adiungunt.
437 2985 564 3067 Quibus
586 2984 684 3051 rebus
711 2988 848 3072 cognitis
871 2984 1003 3069 Caesar,
1035 3009 1109 3051 cum
1131 2982 1306 3088 undique3

141 3072 222 3136 llum
254 3074 367 3159 parari
405 3072 546 3154 uideret,
584 3071 741 3154 Neruios,
778 3071 967 3136 Aduatucos
1014 3071 1073 3156 [ac]
1106 3071 1275 3159 Menapios

148 3195 305 3204 ———

155 3291 194 3328 [vs
211 3291 312 3330 census
331 3291 535 3330 consrsurmvs
557 3257 598 3330 iris
610 3291 688 3331 ‚naun
708 3271 724 3331 ὃ
742 3291 841 3330 cusum
858 3289 942 3328 annm
956 3291 1077 3330 emron
1095 3272 1121 3344 (ὂ
1138 3291 1222 3345 usquc
1238 3275 1276 3330 ad

187 3376 308 3416 usnmm.
328 3376 378 3416 om.
395 3361 431 3428 A)
449 3377 535 3415 mann
552 3377 586 3414 ‚a
605 3376 743 3415 nxrnrcrr.
762 3376 866 3415 rnorem
884 3375 970 3415 urana
988 3371 1090 3414 sexrvs
1107 3360 1170 3415 ΑΒ

172 3449 195 3500 1.
222 3446 306 3515 gallie
323 3445 351 3498 A
393 3447 417 3499 2.
436 3447 536 3499 sillann
552 3445 587 3498 A‘
631 3446 723 3514 gaium
742 3466 760 3502 α
791 3452 863 3513 ·ο·β
905 3446 930 3501 3.
949 3444 1077 3500 dilectum
1097 3465 1116 3502 α
1140 3445 1273 3501 delectum

172 3533 235 3584 rtum
257 3532 333 3596 Τ)β
365 3530 390 3584 4.
408 3547 476 3599 gneo
493 3531 527 3585 A·
546 3547 630 3599 negeo
646 3530 682 3584 B‘
710 3546 754 3586 cu
775 3531 800 3584 Τ
814 3546 837 3585 e.
860 3530 887 3585 U
917 3530 943 3584 ὅ.
960 3536 1017 3598 reis)
1035 3529 1064 3584 Β
1089 3533 1146 3601 reip
1163 3531 1197 3585 A‘
1233 3546 1274 3584 re·

179 3617 223 3668 *ret
243 3634 260 3665 α
278 3615 433 3669 remanebat
451 3620 472 3686 β
506 3617 598 3670 consul
619 3615 779 3672 Giocconias
797 3615 953 3670 consulisX
985 3616 1012 3670 8.
1030 3615 1194 3671 existumans
1212 3615 1276 3670 A‘B

185 3699 247 3753 rciri
257 3703 277 3769 β
293 3699 416 3753 resarciri
427 3720 445 3755 α
463 3701 555 3768 augeri
566 3721 584 3756 α
601 3700 728 3770 adaugeri
746 3705 766 3771 β
791 3700 832 3755 11.
842 3716 899 3770 reip
916 3701 951 3755 A‘
978 3700 1016 3755 rei
1032 3703 1050 3770 p
1067 3699 1096 3754 B
1122 3701 1162 3755 12.
1174 3700 1275 3755 dilectu

194 3855 282 3990 ptris
316 3852 422 3906 hiemen
439 3853 492 3924 Μβ
526 3854 565 3908 13.
584 3815 672 3908 edrnm
691 3853 720 3908 Β
754 3854 795 3910 14.
813 3869 951 3908 nnmemm
969 3853 1010 3908 Β1
1045 3854 1086 3908 15.
1106 3836 1190 3925 ‘piri
1209 3856 1242 3923 p.
1253 3873 1275 3909 r.

200 3952 214 3990 e
260 3978 266 3991 .

225 4023 248 4076 1.
262 4022 368 4077 indutio
386 4040 459 4077 maro
476 4024 504 4079 Β
521 3999 699 4080 induciomaro
708 4025 742 4078 A·
761 4024 923 4094 propinquus
940 4025 980 4080 Βι
1015 4025 1040 4080 2.
1051 4025 1085 4080 ad
1103 4027 1130 4081 A
1165 4027 1190 4082 8.
1200 4026 1275 4081 uide-

235 4160 375 4212 atuatucoe
395 4159 444 4214 αθ
466 4111 597 4227 aduaticos
618 4161 687 4215 Tac
705 4181 731 4227 α,
749 4176 798 4216 om.
817 4166 842 4232 β.
