2924 4974
711 371 774 434 VII
1260 365 1321 432 195

157 535 304 600 exterriti
326 534 411 599 diem
437 545 627 620 noctemque
649 537 681 599 in
708 557 805 620 opere
827 545 1004 599 uersentur.
1048 534 1135 616 Quid
1154 558 1230 621 ergo
1257 538 1319 600 mei

157 618 282 685 consilii
300 619 373 684 est?
396 620 526 701 Facere,
545 619 632 705 quod
649 621 751 685 nostri
765 621 903 685 maiores
922 642 1127 719 nequaquam
1144 622 1216 706 pari
1233 621 1318 686 bello
1332 622 1370 688 12

156 704 364 769 Cimbrorum
382 704 628 790 Teutonumque
658 704 818 786 fecerunt,
842 706 896 790 qui
919 706 951 768 in
974 705 1095 790 oppida
1116 704 1262 790 conpulsi
1281 729 1319 770 ac

157 787 253 854 simili
271 790 382 888 inopia
404 790 530 854 subacti
562 811 673 855 eorum
695 789 894 874 corporibus,
922 790 977 874 qui
1004 799 1109 854 aetate
1137 789 1178 854 ad
1198 789 1318 854 bellum

115 880 147 940 35
156 873 283 946 inutiles
305 873 507 955 uidebantur,
530 875 630 938 uitam
648 873 865 939 tolerauerunt
882 896 986 959 neque
1004 896 1038 938 se
1056 874 1201 939 hostibus
1219 875 1318 939 tradi-

157 959 278 1023 derunt
323 957 422 1024 Cuius
439 960 485 1023 rei
507 960 534 1023 si
557 957 741 1044 exemplum
768 981 830 1022 non
858 959 1062 1039 haberemus,
1088 970 1197 1024 tamen
1223 959 1318 1025 liber·
1331 963 1370 1027 13

156 1045 228 1108 tatis
251 1067 351 1108 causa
376 1045 498 1108 institui
520 1053 551 1108 et
572 1045 709 1130 posteris
736 1043 831 1128 prodi
858 1042 1109 1128 pulcherrimum
1133 1044 1318 1109 iudicarem.

157 1129 240 1192 Nam
274 1127 353 1215 quid
382 1127 429 1191 illi
456 1127 559 1192 simile
589 1127 675 1192 bello
706 1128 791 1192 fuit?
825 1128 919 1213 Depo
945 1127 1034 1192 ulata
1060 1126 1170 1193 Gallia
1197 1129 1320 1194 Cimbri
1331 1133 1370 1195 14

158 1235 341 1299 magnaque
366 1212 467 1277 inlata
497 1213 680 1278 calamitate
705 1212 825 1277 finibus
854 1215 908 1299 qui
933 1235 983 1276 em
1004 1215 1121 1278 nostris
1144 1212 1317 1299 aliquando

124 1305 362 1364 Itexcessenmt
391 1307 487 1382 atque
518 1297 598 1363 alias
628 1309 729 1362 terras
759 1300 935 1383 petierunt3
970 1299 1054 1379 iura,
1080 1296 1181 1382 leges,
1212 1320 1317 1383 agros,

157 1381 336 1447 libertatem
359 1381 453 1447 nobis
478 1382 681 1468 reliquerimt.
724 1384 862 1447 Romani
888 1405 965 1447 uero
989 1382 1067 1468 quid
1091 1393 1202 1468 petimt
1229 1383 1318 1447 aliud
1329 1386 1368 1452 15

157 1478 210 1532 aut
232 1467 313 1553 quid
334 1466 455 1548 uolunt,
476 1469 538 1532 nisi
556 1468 679 1531 inuidia
699 1467 838 1549 adducti,
858 1491 938 1553 quos
956 1467 1046 1531 fama
1063 1467 1188 1533 nobiles
1206 1477 1316 1554 poten·

156 1563 266 1637 tesqua
296 1551 383 1617 bello
406 1562 639 1638 cognouerimt,
663 1553 777 1617 horum
801 1554 836 1616 in
862 1554 948 1638 agris
975 1553 1221 1638 ciuitatibusque
1244 1575 1316 1617 con·

155 1636 257 1702 sidere
285 1647 381 1723 atque
402 1637 451 1702 his
475 1647 637 1702 aeternam
659 1639 826 1723 iniungere
852 1636 1062 1703 seruitutem?
1101 1638 1215 1723 Neque
1232 1639 1318 1702 enim

111 1721 218 1786 tiulla
252 1721 318 1786 alia
348 1721 538 1787 condicione
567 1722 654 1787 bella
687 1733 860 1807 gesserunt.
913 1721 1010 1802 Quod
1040 1723 1068 1786 si
1095 1745 1141 1803 ea,
1172 1744 1256 1808 quae
1284 1724 1367 1790 in16

151 1805 205 1871 lon
231 1808 238 1821 “
267 1808 338 1892 quis
360 1807 546 1871 nationibus
569 1818 734 1892 geruntur,
767 1809 935 1892 ignoratis,
967 1830 1017 1870 res
1042 1807 1115 1870 icite
1145 1807 1317 1872 finitimam

153 1830 308 1972 cadisin,
336 1914 420 1976 quae
449 1893 483 1955 in
505 1894 705 1992 prouinciam
724 1892 863 1972 redacta,
885 1893 954 1956 iure
972 1901 1004 1954 et
1018 1829 1151 1976 iegibus
1174 1915 1314 1957 commu-

148 1978 235 2058 tatis,
254 1977 419 2040 securibus
442 1977 587 2042 subrecta
603 1988 760 2125 perpietua
776 1979 924 2063 primitur
941 1973 1109 2040 seruitute?

234 2061 426 2125 LXXVIII.
470 2061 642 2126 Sententiis
697 2064 755 2126 ctis
778 2064 983 2143 constituunt,
1001 2071 1037 2125 ut
1060 2061 1102 2143 hi,
1125 2063 1179 2146 qui
1197 2059 1311 2124 ualitu-
1348 2066 1363 2130 l

147 2146 226 2210 dine
245 2157 302 2210 aut
311 2156 417 2211 aetate
433 2145 560 2211 inutiles
579 2157 653 2211 sunt
669 2147 765 2227 bello,
783 2146 903 2232 oppido
922 2144 1080 2211 excedant
1098 2155 1194 2231 atque
1204 2146 1314 2209 omnia

144 2233 240 2330 prius
258 2233 476 2316 experiantur,
520 2255 595 2296 uam
619 2231 662 2296 ad
684 2231 865 2317 Critognati
893 2231 1082 2296 sententiam
1104 2229 1312 2313 descendant,

143 2315 204 2381 1110
228 2327 339 2381 tamen
359 2255 524 2401 [temporbi
540 2317 647 2402 potius
659 2316 813 2381 utendum
830 2317 974 2398 consilio,
997 2317 1025 2380 si
1041 2338 1092 2380 res
1111 2326 1207 2400 cogat
1216 2326 1312 2399 atque
1344 2319 1364 2384 2

105 2401 275 2466 bauxilia
300 2411 475 2482 morentur,
506 2424 604 2486 quam
637 2413 693 2466 aut
717 2401 890 2466 deditionis
912 2412 968 2466 aut
993 2403 1085 2487 pacis
1112 2400 1313 2465 subeundam

144 2486 384 2551 condicionem.
405 2485 585 2567 Mandubii,
608 2489 663 2571 qui
685 2509 741 2551 eos
764 2486 885 2586 oppido
904 2497 1099 2571 receperant,
1117 2509 1190 2551 cum
1200 2484 1312 2549 liberis
1344 2488 1364 2553 3

141 2582 245 2657 atque
263 2570 423 2635 uxoribus
445 2573 533 2635 exire
555 2582 721 2656 coguntur.
750 2571 797 2634 Hi
819 2595 892 2636 cum
915 2572 958 2636 ad
980 2572 1172 2635 munitiones
1195 2571 1312 2635 Roma·
1344 2573 1366 2637 4

137 2842 184 2900 31.
211 2842 265 2896 mei
288 2841 393 2896 consilii
412 2841 463 2910 est]
481 2841 506 2893 ei
524 2775 637 2894 condid
651 2841 677 2894 A
719 2841 762 2894 32.
780 2841 875 2909 nostri]
893 2841 921 2894 in
937 2840 1007 2910 Bpr.
1041 2840 1084 2895 33.
1101 2788 1182 2908 Iliaca?
1198 2839 1225 2892 A
1259 2838 1309 2893 hac

136 2929 177 2982 A*
215 2927 259 2982 34.
281 2925 315 2980 ad
333 2926 434 2980 bellum
451 2925 561 2980 inutiles
579 2945 598 2980 α
616 2926 725 2980 inutiles
741 2925 775 2979 ad
794 2925 895 2980 bellum
913 2933 931 2994 β
956 2925 998 2980 35.
1008 2941 1036 2979 se
1054 2923 1181 2993 hostibus·
1194 2944 1212 2976 α
1229 2923 1313 2978 hosti·

135 3061 192 3119 bus
212 3068 279 3130 sep
313 3062 356 3116 36.
375 3061 458 3116 Cuius
476 3090 509 3101 -
526 3059 681 3126 indicarem]
699 3068 786 3129 orm
811 3061 853 3115 38.
871 3021 918 3115 illd
935 3059 964 3115 Β
996 3061 1038 3116 39.
1048 3059 1154 3131 quidem
1166 3059 1201 3113 A‘
1219 3056 1311 3129 qni(d)i

137 3148 204 3204 dem
222 3146 360 3218 Β,οηι.β
391 3145 432 3200 40.
451 3144 537 3214 adque
554 3144 594 3199 Βι
628 3146 763 3215 petierunt
782 3166 800 3198 α
816 3145 971 3215 petinemnt
994 3153 1012 3214 β
1046 3146 1088 3201 41.
1106 3147 1214 3214 petunt]
1233 3144 1312 3213 adpe-

134 3283 207 3338 tunt
227 3281 303 3336 Paul
346 3229 435 3349 alind)
451 3279 480 3334 B
521 3280 562 3335 AA
581 3230 686 3349 a(d)qne
704 3279 732 3335 B
773 3281 816 3335 45.
834 3281 890 3335 ulla
908 3301 926 3333 α
947 3296 1074 3350 nmquam
1096 3285 1221 3351 (unquam
1243 3280 1314 3349 U)ss

133 3417 297 3474 annana
315 3416 351 3470 A
368 3416 519 3472 eonditum
536 3415 565 3470 a
598 3416 640 3470 so.
659 3415 824 3484 §monta
840 3416 869 3471 a
903 3418 1001 3486 rapies
1018 3417 1059 3472 13¹
1091 3378 1273 3486 salubrius
1286 3417 1313 3471 Α

132 3503 181 3558 48.
202 3503 356 3571 praemitur
371 3500 407 3556 B.

215 3619 366 3674 uxxvm.
395 3622 418 3673 1.
436 3619 466 3673 ss
485 3639 511 3686 α,
528 3635 577 3674 oa
597 3627 615 3688 s
649 3619 798 3673 tantuma
814 3619 868 3688 Aa
889 3581 1043 3675 ualitudine
1067 3619 1096 3674 a
1146 3621 1171 3675 2.
1199 3620 1268 3676 aaa
1285 3622 1311 3675 A

132 3760 206 3812 sunt
228 3775 246 3807 α
264 3755 358 3824 sintfl
393 3704 488 3825 oppidis
505 3756 533 3809 B
572 3755 598 3810 3.
616 3756 785 3824 experiantur
802 3762 821 3823 β
837 3755 1011 3824 expediantur
1030 3776 1047 3809 α
1089 3755 1124 3810 ab
1142 3756 1312 3825 egritognati

134 3890 213 3961 (egri
230 3851 381 3957 toisatiB)
399 3891 535 3945 sententia
551 3890 740 3960 (sermnem)
758 3890 894 3946 discedant
912 3911 930 3942 α
947 3890 982 3946 ab
999 3892 1160 3960 scritognati
1177 3893 1313 3948 sententia

135 3974 317 4043 desoidantfl
334 3975 369 4029 ad
379 3975 534 4044 Critognati
550 3977 713 4030 senteutiam
731 3975 893 4031 descendant
901 3975 991 4031 Aldus
1024 3979 1050 4032 4.
1059 3979 1178 4045 tompore
1187 3996 1216 4047 α,
1234 3993 1284 4033 om.
1293 3984 1314 4051 β

133 4059 166 4115 5.
185 4059 315 4115 auxiaB'
332 4063 380 4115 aut
397 4059 539 4115 deditionis
557 4060 655 4130 (dodim
673 4061 721 4130 Μ)
739 4064 788 4115 aut
806 4062 877 4130 pacis
894 4061 994 4131 (paucis
1011 4061 1059 4129 Μ)
1078 4082 1095 4114 α
1123 4061 1266 4118 deditionis
1285 4070 1312 4121 st

906 4157 919 4186 0

137 4196 255 4264 paens
309 4196 334 4250 6.
360 4195 509 4250 condicione
525 4196 560 4250 A‘
586 4195 763 4251 conditionem
781 4195 810 4250 B
861 4201 1009 4266 reciperunt
1025 4197 1052 4251 A
1099 4198 1124 4254 ἵ.
1146 4215 1312 4255 romanorum

140 4298 173 4324 α.
191 4295 234 4324 nm
264 4286 288 4324 s.
