2978 4972
201 317 223 378 4
792 319 809 377 Ι

204 507 277 549 cum
298 485 493 632 tplansierant
505 482 722 566 Noreiamque
738 492 972 567 oppugnarent,
994 491 1140 567 receptos
1156 481 1198 546 ad
1217 502 1251 544 se
1269 480 1373 544 socios

204 570 268 635 sibi
290 592 309 633 a
334 570 482 633 sciscunt.

176 655 192 718 1
218 718 231 743 ‚
288 654 345 717 VI.
362 653 465 717 Erant
481 653 610 716 omnino
626 651 742 715 itinera
761 651 834 732 duo,
853 651 970 738 quibus
987 650 1156 717 itineribus
1173 650 1269 715 domo
1286 651 1374 715 exire

228 747 347 803 essent:
364 759 466 801 unum
480 759 538 822 per
548 735 590 800 Se
613 758 724 818 uanos,
742 747 915 821 angustum
929 746 960 802 et
977 735 1117 818 difficile,
1132 739 1215 800 inter
1233 745 1373 799 montem

204 763 316 887 luram
328 832 366 886 et
387 821 507 885 flumen
524 758 734 902 Rhodanum,
755 823 814 885 uix
836 844 902 907 qua
926 821 1044 970 singxli
1067 823 1151 886 carri
1170 821 1373 902 ducerentur,

206 930 297 972 mons
316 916 422 971 autem
441 904 614 970 altissimus
632 904 838 990 inpendebat,
855 916 891 970 ut
913 906 1009 971 facie
1026 907 1183 992 perpauci
1202 904 1374 992 prohibere

176 994 352 1078 2possent3
375 989 510 1056 alterum
531 1013 590 1075 per
607 991 810 1076 prouinciam
827 1001 979 1073 nostram,
1002 991 1102 1056 multo
1126 991 1255 1057 facilius
1277 999 1403 1076 atque5

207 1075 398 1162 expeditius,
419 1085 591 1162 propterea
612 1074 702 1161 quod
718 1076 802 1140 inter
824 1075 903 1141 fines
926 1075 1150 1142 Heluetiorum
1172 1086 1204 1141 et
1225 1074 1374 1140 Allobro-

206 1185 294 1246 gum,
312 1162 369 1246 qui
382 1183 484 1247 nuper
499 1161 608 1308 pacati
624 1169 723 1242 erant,
736 1161 913 1225 Rhodanus
928 1161 1000 1225 fluit
1011 1163 1105 1248 isque
1118 1159 1279 1227 nonnuliis
1296 1159 1374 1224 locis

176 1246 292 1310 3uado
310 1247 472 1310 transitur.
531 1255 694 1309 xtremum
712 1244 869 1330 oppidum
883 1243 1099 1332 Allobrogum
1115 1258 1163 1311 est
1177 1247 1375 1332 proximum·

207 1354 270 1416 que
287 1329 510 1395 Heluetiorum
527 1329 646 1393 finibus
662 1329 806 1395 Genaua.
836 1331 890 1394 Ex
908 1353 944 1395 eo
962 1331 1082 1417 oppido
1101 1354 1183 1417 pons
1202 1330 1245 1396 ad
1257 1327 1375 1394 Helue-

208 1418 270 1480 tios
287 1416 434 1501 pertinet.
477 1412 711 1498 Allobrogibus
731 1437 799 1479 sese
816 1414 868 1480 uel
885 1438 1104 1501 persuasuros,
1127 1415 1216 1501 quod
1232 1414 1375 1480 nondum
1387 1429 1430 1487 10

206 1501 293 1565 bono
312 1502 419 1564 animo
438 1501 472 1563 in
488 1497 646 1584 populum
662 1499 844 1563 Romanum
858 1501 1052 1583 uiderentur,
1068 1499 1306 1582 existimabant,
1323 1497 1376 1563 uel

177 1586 241 1648 4ui
264 1594 447 1664 coacturos,
477 1592 513 1647 ut
543 1607 600 1669 per
627 1605 701 1648 suos
728 1584 807 1649 fines
835 1606 889 1649 eos
907 1587 953 1650 ire
978 1595 1171 1671 paterentur.
1216 1583 1376 1649 Omnibus

207 1669 303 1735 rebus
323 1668 366 1733 ad
378 1667 610 1754 profectionem
624 1671 807 1754 conparatis
824 1669 910 1734 diem
929 1668 1047 1752 dicunt,
1066 1693 1131 1756 qua
1145 1669 1253 1735 dicad
1270 1672 1376 1755 ripam

207 1753 360 1819 Rhodani
376 1775 491 1833 ¹omnes
514 1754 714 1817 conueniant
758 1753 791 1817 Is
814 1754 881 1819 dies
904 1765 973 1820 erat
995 1779 1022 1820 a.
1048 1755 1077 1819 d.
1095 1757 1135 1819 V.
1157 1756 1204 1819 kt.
1226 1755 1319 1840 Apri.
1340 1753 1377 1817 L.

206 1839 334 1921 Pisone,
351 1836 437 1902 Aulo
458 1836 600 1903 Gabinio
624 1837 818 1903 consulibus.
1389 1854 1430 1912 15

181 1925 196 1986 1
296 1923 371 1987 VII.
390 1922 522 1987 Caesari
548 1944 622 1986 cum
648 1922 683 1985 id
707 1925 889 1988 nuntiatum
911 1934 993 1989 esset
1019 1946 1072 1989 eos
1100 2000 1103 2008 ἱ
1124 1948 1157 1989 er
1173 1924 1377 2010 prouinciam

210 2017 356 2072 nostram
377 2009 438 2072 iter
455 2007 561 2072 facere
579 2009 696 2089 conari,
719 2018 860 2073 maturet
877 2008 918 2072 ab
937 2009 1018 2073 urbe
1035 1947 1198 2094 prodcisci
1215 2019 1254 2090 et,
1280 2031 1378 2094 quam

209 2095 360 2157 maximis
377 2101 484 2178 potest
500 2091 680 2174 itineribus,
698 2095 731 2156 in
741 2092 884 2159 Galliam
902 2093 1086 2159 ulteriorem
1105 2094 1269 2159 contendit
1287 2103 1318 2159 et
1336 2093 1379 2158 ad

179 2176 384 2243 2Genuuam
405 2179 559 2262 peruenit.
593 2177 784 2242 Prouinciae
801 2180 861 2242 toti
883 2201 981 2263 quam
999 2181 1180 2243 maximum
1197 2189 1303 2279 potest
1320 2180 1377 2243 mi-

210 2260 303 2325 litum
324 2283 495 2325 numerum
519 2263 658 2345 imperat
682 2264 764 2342 (erat
787 2265 915 2327 omnino
938 2265 971 2327 in
989 2262 1099 2329 Gallia
1120 2263 1271 2329 ulterrore
1292 2262 1405 2348 legio5

181 2347 301 2428 3una),
321 2354 472 2492 pontem,
498 2347 554 2492 gui
576 2354 645 2409 erat
670 2345 713 2409 ad
731 2345 913 2430 Genauam,
939 2348 1030 2414 iubet
1050 2349 1199 2414 rescindi.
1242 2348 1311 2414 Vbi
1338 2348 1378 2413 de

212 2431 280 2494 eius
300 2453 319 2494 a
342 2439 442 2494 uentu
451 2429 502 2494 He
516 2431 594 2493 uetii
612 2431 761 2495 certiores
780 2431 859 2496 facti
869 2443 950 2515 sunt,
968 2432 1093 2518 legatos
1108 2434 1151 2498 ad
1168 2457 1242 2499 eum
1251 2434 1393 2499 mittunt*

211 2513 431 2579 nobilissimos
450 2515 598 2597 ciuitatis,
614 2517 704 2580 cuius
722 2514 892 2601 legationis
909 2519 1099 2584 Nammeius
1118 2528 1149 2583 et
1157 2517 1379 2584 Verucloetius

210 2601 314 2684 princi
339 2621 390 2663 em
411 2597 521 2664 locum
544 2599 744 2684 optinebant,
767 2604 823 2687 qui
851 2601 991 2667 dicerent
1019 2603 1083 2668 sibi
1110 2626 1178 2668 esse
1206 2607 1240 2668 in
1272 2605 1379 2669 animo

211 2684 280 2748 sine
345 2706 363 2748 o
383 2683 540 2749 maleficio
567 2685 628 2749 iter
654 2708 712 2770 per
735 2688 937 2772 prouinciam
962 2687 1436 2775 facere,proptereaquod10

176 2828 179 2833 ,
214 2767 304 2833 aliud
320 2771 381 2833 iter
399 2768 555 2834 haberent
571 2769 707 2834 nullum:
728 2793 853 2856 rogare,
876 2782 911 2836 ut
933 2775 1001 2837 eius
1018 2772 1185 2838 uoluntate
1203 2774 1237 2838 id
1255 2773 1319 2838 sibi
1336 2774 1381 2838 fa-

181 2852 284 2919 Aeere
306 2851 408 2919 liceat.
452 2853 580 2935 Caesar,
606 2855 694 2941 quod
716 2859 872 2921 memoria
888 2857 1019 2923 tenebat
1040 2859 1076 2922 L.
1103 2858 1252 2924 Cassium
1270 2881 1382 2924 consu-

212 2936 277 3002 lem
304 2941 447 3002 occisum
476 2941 717 3025 exercitumque
739 2942 806 3005 eius
837 2941 879 3007 ab
906 2941 1064 3007 Heluetiis
1096 2942 1227 3030 pulsum
1265 2954 1296 3008 et
1322 2943 1381 3009 sub

183 3020 326 3106 biugum
347 3025 491 3105 missum,
517 3024 758 3089 concedendum
774 3048 840 3091 non
857 3026 1009 3112 putabat3
1032 3050 1136 3114 neque
1158 3029 1304 3094 homines
1323 3030 1383 3093 ini·

213 3109 297 3171 mico
316 3109 422 3172 animo
442 3107 518 3173 data
536 3106 689 3174 facultate
706 3131 765 3195 per
781 3114 985 3196 prouinciam
1002 3114 1125 3178 itineris
1144 3113 1288 3178 faciundi
1306 3123 1436 3184 tem-15

214 3257 254 3311 13.
273 3258 346 3311 adsoi
365 3261 441 3313 scunt
458 3258 493 3314 B.

282 3392 327 3445 vr.
362 3394 387 3447 a
412 3355 466 3447 aab
483 3393 511 3448 n
544 3394 569 3451 4.
587 3355 685 3449 morin
720 3397 878 3452 saltuum
895 3397 948 3453 uer
964 3401 1054 3467 perr
1090 3401 1263 3471 mutuom
1291 3401 1387 3458 sue-

214 3527 313 3581 uitioru
330 3526 356 3579 A
382 3526 529 3582 heluicioru
546 3527 584 3581 M
622 3477 794 3598 adlobrogum
811 3530 839 3586 B
874 3533 897 3588 7.
916 3534 1004 3602 pacati
1022 3534 1123 3590 A‘BT
1145 3537 1217 3605 pacti
1235 3535 1296 3592 Ru
1331 3537 1386 3591 his·

215 3627 265 3749 eppe
282 3609 356 3750 ff
382 3612 419 3764 gt]
433 3611 546 3750 hpluitiqo'
564 3629 621 3668 rum
639 3615 666 3668 A
683 3614 871 3682 heluiciottM
900 3633 986 3687 genua
1005 3620 1037 3673 X
1070 3620 1196 3675 heluitios
1213 3622 1240 3674 A
1257 3623 1386 3679 heluicios

318 3711 364 3752 ‚a
402 3736 407 3749 .
437 3712 453 3750 a
489 3716 507 3752 α
541 3739 547 3753 .

284 3785 342 3836 VII.
361 3781 385 3834 1.
403 3780 462 3850 per]
480 3782 614 3853 orqur.
652 3785 678 3839 2.
698 3746 821 3855 pficis(t⁰)i
838 3787 864 3840 A
898 3789 923 3843 3.
941 3789 1066 3844 citeriore
1074 3790 1144 3860 Bpr.
1179 3791 1204 3845 4.
1224 3807 1337 3860 genuam
1356 3794 1388 3847 X

216 3917 242 3971 6.
260 3865 362 3970 ditem
388 3916 415 3969 A
461 3933 575 3984 genuam
593 3918 625 3972 X
675 3921 699 3976 t.
719 3921 828 3977 heluitii
852 3924 879 3976 A
914 3924 1025 3980 heluicii
1042 3926 1080 3980 M
1127 3926 1150 3980 8.
1171 3928 1387 3987 uerucloetius'u

215 3999 387 4055 uerudoetius
404 4005 425 4072 β
456 4004 480 4056 9.
495 4002 639 4072 principem
659 4004 685 4058 T
698 4006 844 4076 principum
865 4007 916 4064 uU
945 4011 1031 4065 locum
1050 4041 1083 4052 -
1101 4027 1123 4066 c.
1141 4028 1182 4065 xx
1191 4023 1216 4063 n
1233 4017 1385 4070 auerteren-

215 4132 272 4203 ιω]
290 4133 388 4200 omn
407 4134 474 4190 ΗΞ
485 4135 537 4194 on
550 4139 705 4207 optineant
722 4140 782 4194 Ar
812 4143 853 4197 11.
866 4095 1037 4213 masella
1078 4149 1118 4205 13.
1128 4148 1284 4204 beurene
1301 4150 1388 4205 helu-

217 4219 265 4273 ciis
283 4218 321 4272 Μ
350 4219 392 4273 14.
405 4221 497 4290 iugum
515 4221 541 4274 A
576 4223 617 4279 15.
627 4224 733 4279 facundi
750 4227 776 4279 A
790 4227 904 4282 faciendi
921 4229 947 4282 A
964 4246 1035 4285 corr.
1060 4231 1087 4286 U
