2924 4974
613 354 694 413 VIII
1175 348 1240 413 215

69 541 145 581 rem
165 519 347 603 gessissent,
365 519 520 584 uictoriae
561 517 677 583 loriam
696 520 949 582 communicasse
967 541 1039 582 cum
1057 517 1239 602 legionibus

73 602 284 686 uiderentur,
315 603 423 669 hostes
451 541 622 668 concidunt
649 604 764 668 animis
792 614 889 688 atque
915 602 1082 667 itineribus
1104 601 1239 667 diuersis

76 687 195 772 fugam
213 698 372 773 quaerunt
388 689 597 773 nequiquam3
612 711 687 752 nam
706 688 823 773 quibus
842 686 1088 752 difficultatibus
1099 687 1267 753 locorumb

72 772 242 837 Romanos
267 773 416 838 claudere
438 773 615 854 uoluerant,
638 773 678 837 iis
701 772 764 858 ipsi
786 773 984 838 tenebantur.
1028 773 1116 836 Victi
1137 770 1265 838 tamen'l

20 864 62 922 20
73 856 290 942 perculsique,
313 859 438 924 maiore,
456 868 548 943 parte
567 859 686 922 amissa
705 859 897 922 consternati
914 857 1105 956 profugiunt
1121 859 1240 943 partim

74 940 168 1005 siluis
199 943 324 1027 petitis,
355 944 473 1028 partim
506 943 639 1007 flumine
675 944 744 1028 (qui
774 953 881 1007 tamen
912 966 946 1007 m
972 943 1007 1005 fu
1033 965 1052 1006 a
1078 965 1098 1007 a
1123 943 1240 1006 nostris

76 1028 192 1090 acriter
210 1027 452 1113 insequentibus
472 1028 706 1108 conficiuntur),
722 1050 794 1092 curn
813 1028 939 1091 interim
954 965 1043 1091 nulia
1057 1025 1269 1092 calamitate8

74 1112 179 1175 uictus
190 1110 329 1177 Correus
339 1113 494 1178 excedere
507 1112 630 1198 proelio
650 1112 811 1196 siluasque
829 1121 937 1197 petere
955 1122 1011 1176 aut
1027 1112 1240 1177 inuitantibus

75 1197 193 1260 nostris
218 1197 260 1261 ad
283 1197 478 1263 deditionem
521 1197 602 1262 otuit
621 1195 747 1278 adduci,
770 1197 846 1282 quin
864 1196 1036 1261 fortissime
1051 1197 1239 1283 proeliando

33 1280 310 1428 tbconplluresque
341 1220 539 1348 uulnerando
567 1292 696 1366 cogeret
722 1281 823 1347 elatos
852 1281 1017 1345 iracundia
1043 1282 1181 1347 uictores
1208 1282 1241 1346 in

77 1388 109 1429 se
130 1375 196 1430 tea
219 1389 348 1432 coicere.

159 1451 235 1515 XX.
267 1452 341 1516 Tali
368 1451 464 1517 modo
491 1473 526 1515 re
552 1461 643 1536 gesta
671 1450 852 1516 recentibus
883 1451 998 1537 proelii
1020 1451 1167 1535 uestigiis
1191 1449 1266 1514 in·1

78 1557 203 1620 gressus
222 1536 350 1618 Caesar,
373 1559 447 1601 curn
469 1537 571 1603 uictos
589 1546 680 1601 tanta
698 1535 883 1601 calamitate
901 1538 1111 1601 existumaret
1135 1535 1243 1600 hostes

78 1622 185 1687 nuntio
211 1644 286 1686 acce
309 1633 342 1687 to
366 1621 473 1688 locum
496 1631 674 1686 castrorum
696 1619 876 1703 relicturos,
908 1643 992 1706 quae
1018 1644 1085 1687 non
1112 1619 1243 1705 longius

80 1704 116 1768 ab
148 1728 188 1770 ea
220 1644 318 1771 caedi)
345 1706 457 1772 abesse
484 1728 636 1792 passuum
658 1705 741 1770 VIII
768 1704 897 1770 milibus
926 1704 1128 1787 dicebantur,
1160 1715 1240 1769 tam·

58 1791 132 1854 tetsi
154 1790 287 1855 flumine
307 1790 486 1892 inpeditum
507 1792 678 1856 transitum
699 1789 846 1871 uidebat,
875 1800 985 1855 tamen
1012 1791 1154 1855 exercitu
1177 1802 1241 1855 tra-

81 1873 171 1940 ducto
198 1876 411 1961 progreditur.
454 1875 499 1939 At
525 1876 692 1940 Bellouaci
714 1875 920 1960 reliquaeque
942 1876 1088 1940 ciuitates
1110 1872 1270 1961 repente2

81 1982 115 2022 ex
146 1959 227 2045 fuga
256 1962 369 2046 paucis
401 1971 496 2045 atque
525 1960 575 2025 his
605 1959 780 2025 uulneratis
812 1962 964 2060 receptis,
1000 1961 1054 2044 qui
1086 1959 1240 2024 siluarum

80 2043 228 2110 beneficio
247 2068 358 2110 casum
377 2048 584 2122 arritauerant,
606 2045 755 2111 omnibus
774 2044 924 2125 aduersa,
949 2045 1089 2129 [cognita
1111 2045 1239 2109 calami-

80 2130 159 2213 tatel,
181 2130 347 2195 interfecto
365 2130 493 2211 Correo,
517 2132 633 2195 amisso
654 2132 798 2215 equitatu
816 2139 847 2193 et
864 2130 1046 2194 fortissimis
1068 2128 1239 2215 peditibus,

48 2218 74 2276 10
82 2235 145 2278 cum
169 2215 345 2279 aduentare
367 2215 531 2280 Romanos
559 2216 795 2296 existimarent,
827 2213 960 2280 concilio
987 2224 1116 2300 repente
1143 2224 1240 2278 cantu

81 2299 225 2363 tubarum
248 2311 424 2366 conuocato
448 2300 658 2381 conclamant,
680 2299 778 2385 legati
799 2299 990 2384 obsidesque
1008 2299 1049 2364 ad
1068 2298 1240 2365 Caesarem

83 2385 249 2449 mittantur.

160 2469 255 2533 XXI.
276 2469 350 2534 Hoc
368 2468 517 2535 omnibus
539 2467 678 2555 probato
706 2468 838 2534 consilio
855 2468 1021 2534 Commius
1039 2468 1179 2535 Atrebas
1198 2468 1268 2534 adl

83 2575 127 2617 eos
154 2554 301 2639 confugit
324 2553 522 2635 Germanos,
555 2578 574 2618 a
606 2553 722 2639 quibus
753 2553 796 2619 ad
817 2553 852 2618 id
878 2553 1000 2619 bollum
1024 2554 1146 2619 auxilia
1171 2577 1239 2619 mu·

81 2647 180 2703 tuatus
214 2649 290 2703 erat.
336 2638 441 2703 Ceteri
471 2662 488 2704 e
519 2640 656 2739 uestigio
686 2641 816 2704 mittunt
843 2637 897 2739 ad·
912 2638 1084 2704 Caesarem
1115 2638 1270 2739 legatos2

62 2734 280 2874 edifitiis
295 2734 595 2893 tittttdgtt
611 2724 1241 2895 filiifftussrlillnltllif.”adli

81 2891 274 2959 humanitate
296 2916 474 3042 numquam
495 2893 641 2979 profecto
665 2904 747 2958 esset
775 2893 939 2958 inlaturus.
982 2892 1140 2958 Adflictas
1163 2893 1272 2978 opes3

82 2981 213 3063 equestri
234 2978 358 3065 proelio

80 3097 275 3108 -0——...

81 3144 112 3199 17.
130 3146 302 3214 itineribusss
325 3146 351 3200 in
370 3146 512 3201 itineribus
531 3166 548 3198 α
584 3147 624 3202 19.
642 3148 676 3201 iis
685 3147 736 3216 ipsi
755 3167 772 3199 α
790 3146 842 3216 ipsi
859 3154 877 3215 β
911 3147 952 3201 20.
972 3147 1135 3201 consternati
1154 3167 1172 3199 α
1190 3163 1241 3216 quo

80 3228 124 3283 sors
142 3231 244 3284 tulerat
263 3231 426 3286 constsmsti
444 3238 461 3299 β
495 3232 536 3285 21.
555 3247 571 3284 a
591 3251 616 3300 a,
635 3247 685 3286 om.
702 3237 722 3304 β
737 3231 777 3286 23.
798 3248 901 3287 correns
918 3231 1055 3303 sscorbeus
1074 3251 1092 3288 α
1127 3233 1167 3286 25.
1187 3233 1239 3285 els-

83 3314 277 3387 mamm

407 2978 625 3045 ellouacorum
644 3001 730 3062 esse;
753 2978 948 3045 delectorum
970 2977 1116 3063 peditum
1139 2977 1241 3043 multa

139 3471 197 3522 XX.
219 3470 241 3522 1.
253 3468 370 3536 regiests
387 3468 415 3522 B
448 3401 598 3523 recsniibus
616 3470 643 3522 A
677 3469 868 3539 ingrasssusB
901 3470 926 3524 3.
945 3484 995 3537 que
1013 3467 1052 3522 Β1
1086 3469 1111 3522 4.
1130 3468 1191 3523 cede
1205 3469 1242 3522 A*

78 3565 195 3618 passuum
215 3551 321 3622 Frigell
338 3553 397 3620 plns
415 3553 501 3607 minus
520 3553 552 3606 X
602 3552 995 3623 5.inpedit1'1A⁴impeditum
1017 3552 1045 3606 B
1087 3553 1112 3606 8.
1131 3554 1239 3622 cognita

78 3632 236 3705 calamitate]
256 3636 304 3690 dcl.
323 3636 510 3707 Ds'ttcaberqer
552 3639 576 3692 9.
596 3654 683 3692 correo
700 3642 720 3709 β
736 3638 832 3692 corbeo
851 3658 868 3690 α
912 3637 1069 3692 fortissimos
1087 3636 1157 3706 Bpr.
1198 3639 1238 3693 ll.

80 3718 231 3789 obsidesque
252 3740 269 3772 α
287 3726 315 3775 et
333 3721 438 3775 obsides
456 3726 475 3793 β
509 3722 550 3776 12.
568 3723 716 3775 mittuntur
733 3721 777 3778 B‘.

139 3809 213 3860 XXI.
233 3806 256 3860 1.
276 3805 398 3859 omnibns
416 3805 527 3875 probato
545 3805 654 3861 oonsilio
669 3825 686 3857 α
705 3805 814 3861 consilio
831 3806 952 3860 omnibus
970 3805 1082 3875 probato
1092 3812 1110 3873 β
1144 3806 1167 3860 2.
1178 3822 1237 3859 con·

80 3887 145 3958 fugit
164 3905 305 3959 germanos
325 3909 342 3941 α
360 3906 500 3958 germanos
518 3891 608 3960 plagit
627 3897 644 3958 β
678 3890 712 3944 ad
730 3889 758 3944 id
776 3889 878 3944 bellurn
896 3891 996 3945 auxilia
1014 3894 1153 3945 mutuatus
1171 3891 1238 3959 (mu-

80 3976 147 4028 tatus
163 3975 200 4039 A)
219 3978 276 4029 erat
295 3995 312 4027 α
331 3979 389 4029 arat
407 3974 440 4029 sd
458 3975 558 4030 ballum
576 3976 676 4029 auxilia
694 3977 833 4029 mutuatus
852 3981 869 4043 β
903 3976 928 4029 4.
947 3976 1133 4060 ροτωιτνᾳυαθ
1151 3975 1180 4029 Β
1213 3976 1237 4030 5.

83 4108 176 4179 adque
193 4109 222 4165 B
264 4113 287 4166 6.
307 4113 378 4165 esset
396 4110 528 4165 inlaturus
546 4072 684 4177 (inlaturis
701 4110 738 4175 B)
758 4130 775 4162 α
792 4111 926 4165 inlaturus
944 4112 1016 4164 esset
1034 4118 1051 4178 β
1099 4112 1123 4165 6.
1141 4111 1240 4165 Adflic-

85 4261 120 4313 tas
135 4262 184 4332 (td
204 4224 285 4331 dietis
303 4262 352 4332 M)
372 4283 390 4315 α
407 4262 526 4318 adfectas
536 4271 554 4332 β
588 4198 791 4318 abendium
808 4264 835 4317 A
